3050 4917
511 370 692 442 2844
1226 396 1294 445 c.
1337 395 1703 449 connum!
1748 401 2005 466 uerri
2046 399 2053 431 ³
2400 403 2727 483 mum

594 531 707 599 33.
753 531 1208 620 Quadraginta
1229 545 1629 607 armatorum
1645 544 1858 610 millia
1879 546 2195 633 irrupere,
2214 552 2522 623 calonum
2541 560 2723 629 lixa⁴

508 655 786 720 rumque
814 640 1098 724 amplior
1125 660 1459 723 numerus,
1505 648 1668 711 etin
1693 648 2040 717 libidinem
2068 663 2173 719 ac¹
2207 659 2544 726 saevitiam
2575 682 2723 731 cor«-

506 739 783 823 ruptior.
897 740 1055 806 Non
1093 744 1418 826 dignitas,
1463 767 1594 813 non
1646 756 1813 815 aetas
1866 759 2272 840 protegebat,
2320 782 2457 846 quo
2499 765 2720 833 minus

506 845 740 925 stupra
783 844 1111 925 caedibuS‚
1161 847 1385 914 caedes
1434 853 1711 937 stupriS,
1757 855 2201 925 miscerentur.
2290 863 2725 937 Grandaevos

504 962 721 1022 seneS,
774 953 1018 1014 exacta
1064 955 1264 1016 aetate
1313 952 1650 1035 foeminas,
1702 957 1901 1024 viles²
1950 961 2037 1025 ad
2062 964 2415 1047 praedam‚⁸
2452 970 2522 1034 in
2548 972 2725 1039 ludi-

502 1045 728 1132 brium
753 1048 1150 1120 trahebant?
1237 1054 1374 1121 Ubi
1424 1058 1654 1125 adulta
1699 1061 1917 1152 virgo,
1961 1072 2080 1132 aut
2104 1068 2278 1150 quis³
2314 1070 2532 1139 forma
2559 1094 2723 1141 con-⁶

502 1149 802 1236 spicuuS,
863 1153 1266 1237 incidisset‚4
1309 1159 1381 1224 vi
1425 1162 1865 1247 manibusque
1912 1169 2311 1251 rapientium
2360 1173 2723 1258 divulsus,''

501 1248 689 1335 ipsos
739 1262 1085 1338 postremo
1136 1258 1508 1347 direptores
1555 1264 1621 1327 in
1673 1271 1969 1333 mutuam
2017 1272 2383 1354 perniciem
2437 1280 2677 1361 agebat
2698 1301 2721 1348 τ

566 1414 872 1469 Cremonam
895 1422 1078 1474 irruere
1097 1429 1415 1491 quadrag-inlu
1437 1431 1591 1480 millia
1611 1438 1921 1498 armatorum,
1952 1438 2104 1499 mqy‘or
2124 1440 2265 1492 turbu
2285 1445 2498 1495 calonum
2519 1453 2569 1497 et
2592 1448 2715 1497 lixa·

496 1494 624 1543 rum,
658 1487 705 1532 et
738 1486 893 1547 magis
913 1487 1147 1551 effrenata
1168 1493 1220 1541 in
1243 1495 1485 1544 luxuriam
1507 1502 1649 1560 atque
1672 1499 2033 1552 immanitatem.
2106 1506 2216 1555 Non
2237 1507 2468 1558 claritudo
2490 1511 2712 1572 defende-

498 1543 600 1608 bot,
618 1562 712 1597 nou
730 1554 865 1613 (τωο,
881 1555 992 1614 quin
1011 1559 1178 1618 stupra
1198 1559 1401 1622 aecium,
1417 1565 1463 1609 et
1486 1577 1619 1610 neces
1632 1562 1881 1614 libidinum
1885 1568 2107 1631 flagitiis
2121 1572 2509 1635 adiungerentur.
2572 1576 2719 1627 Senes

496 1616 622 1659 utu
635 1616 860 1679 grandes,
880 1617 1056 1681 affecta
1076 1626 1222 1671 oetate
1241 1625 1480 1686 muffet-es,
1499 1627 1695 1676 inutiles
1709 1631 1772 1678 ud
1787 1632 2016 1694 pretium,
2034 1637 2084 1683 in
2102 1639 2431 1689 conuameliam
2447 1641 2717 1706 rapiebant.

503 1673 601 1724 Ubi
631 1681 832 1739 mdis
864 1685 1037 1746 puella,
1071 1691 1159 1735 aut
1178 1689 1411 1753 quispiam
1441 1692 1797 1754 pulchritudine
1828 1696 2032 1759 insignis
2055 1702 2353 1767 eccum-isset,
2386 1706 2436 1754 vi
2458 1711 2507 1755 et
2533 1707 2717 1773 impetu

497 1740 786 1793 Meuium
804 1746 1018 1812 direptus
1032 1750 1399 1819 Mmctasque,
1420 1755 1546 1820 ipsos
1566 1759 1755 1807 tandem
1773 1766 1990 1825 raptores
2006 1764 2058 1813 in
2077 1772 2293 1817 mutuum
2318 1770 2527 1822 exitium
2547 1774 2718 1824 incita·

1425 1885 1785 1909 OO‘OOOmO‘O

562 1958 589 2004 1
626 1955 727 2008 Ms.
750 1959 906 2012 Corb.
930 1967 1071 2027 utque
1092 1965 1448 2020 sevitiam—2
1481 1972 1625 2022 Male
1649 1974 1890 2025 tentabat
1922 1975 2218 2043 Turnebus,
2242 1981 2378 2032 miles
2398 1985 2463 2033 ud
2477 1987 2713 2049 predam.
2738 1983 2743 1988 ’

496 2020 818 2075 Brutine—8
853 2027 1068 2080 Frustra
1088 2032 1300 2097 conjicit
1319 2035 1374 2087 J.
1406 2037 1466 2087 F..
1486 2036 1800 2106 Gronovius,
1836 2047 1920 2092 aut
1937 2044 2249 2107 puerforma.
2283 2047 2554 2101 Idem—4
2588 2051 2715 2101 Inci-

1273 2213 1304 2230 ..
1414 2161 1422 2169 ‘
1489 2177 1702 2231 No'rAE

447 2282 465 2289 -
493 2261 791 2320 incendium
812 2272 1101 2341 Cremonae,
1136 2282 1381 2347 quaejam
1409 2284 1560 2336 arde-
1641 2290 1786 2353 qussi
1829 2291 1885 2339 iu
1921 2291 2051 2342 illud
2084 2291 2291 2346 facinus
2331 2298 2715 2366 consenseriut,

493 2338 605 2404 bat,
642 2350 703 2394 ut
746 2345 1003 2414 dicebam,
1039 2357 1121 2404 vel
1160 2372 1227 2407 ex
1265 2363 1558 2425 composito
1640 2366 1799 2415 antid
1815 2367 2103 2431 jusserint:
2127 2373 2266 2436 quod
2282 2375 2494 2427 Tacitus
2511 2377 2709 2429 habeta

489 2414 630 2466 inter
671 2419 851 2489 duces,
896 2429 972 2478 vel
1013 2433 1175 2483 tacito
1211 2443 1371 2499 pacto
1417 2438 1557 2490 inter

491 2492 653 2547 duces
677 2499 994 2571 militesque,
1028 2503 1280 2563 ut'benis‘
1294 2514 1555 2581 civilibus,

489 2566 662 2623 facilis
685 2583 767 2626 est
786 2578 925 2631 inter
954 2584 1145 2637 similes
1166 2589 1234 2639 ad
1270 2593 1552 2655 pessimum

487 2643 689 2701 facinus
707 2659 1002 2711 concordia.

553 2723 715 2778 Initio
772 2737 968 2799 tamen,
1005 2739 1031 2796 f
1059 2741 1303 2802 precibus
1358 2744 1552 2797 ducum

486 2800 751 2867 mitigatus
789 2814 872 2859 est
907 2812 1090 2865 miles?
1160 2819 1177 2846 ‘
1198 2818 1318 2870 Jam
1362 2820 1552 2887 flagra-

487 2874 610 2942 bat,’
639 2880 809 2947 inquit
831 2887 1046 2940 Tacitus
1065 2910 1080 2953 ;
1117 2892 1290 2945 forsan
1316 2896 1428 2949 scil.
1452 2914 1553 2949 coe-

483 2963 638 3017 perat
667 2958 965 3015 incendium
988 2967 1055 3016 ab
1074 2970 1243 3036 aliquo
1266 2974 1430 3024 milite
1450 2976 1551 3025 las·

483 3029 707 3084 cit-iente
727 3051 819 3087 seu
836 3042 1104 3109 saeviente,
1127 3048 1263 3111 quod
1289 3050 1411 3100 dein
1430 3067 1550 3104 con-

483 3104 758 3175 tinuatum,
779 3117 985 3167 nemine
1006 3135 1062 3170 se
1086 3136 1383 3186 opponente
1403 3145 1419 3190 ;
1456 3129 1548 3179 sed

480 3184 654 3246 potius
687 3187 1064 3257 dissimulante,
1088 3205 1143 3248 et
1166 3202 1309 3264 quasi
1321 3203 1546 3267 jubente

480 3256 732 3327 Antonio,
755 3267 911 3317 missa
932 3273 1116 3323 ver-nili
1135 3289 1279 3341 voce,
1311 3286 1372 3330 ut
1392 3295 1546 3345 quem

481 3349 637 3387 uuum
660 3340 675 3368 ‘
692 3339 906 3395 fortuna
922 3345 1163 3415 famaque
1187 3355 1411 3414 omnium
1428 3373 1547 3409 ocu·

478 3412 931 3486 lis-exposueratss
978 3432 1033 3475 et
1066 3428 1130 3479 ad
1172 3431 1317 3496 cnjus
1358 3442 1542 3488 nutum

477 3505 655 3543 omnes
676 3499 1037 3560 aspectabant.

545 3570 666 3626 Quae
684 3571 796 3633 jum
813 3575 1087 3644 flagrabat]
1137 3580 1202 3631 Id
1226 3584 1362 3635 enim
1402 3585 1542 3639 forte

475 3643 578 3695 sibi
631 3649 930 3702 vindicabat
1002 3651 1248 3723 ultroque
1304 3664 1543 3728 rapiebat

474 3721 639 3788 miles,
669 3725 826 3775 etiam
849 3728 1046 3794 injussu
1072 3734 1278 3803 ducum,
1311 3742 1394 3791 vel
1419 3743 1544 3793 taci-

477 3804 535 3848 to
568 3798 776 3851 illorum
806 3819 1061 3860 consensu
1099 3813 1148 3861 in
1193 3814 1330 3866 idem
1353 3821 1544 3887 scelus,

472 3879 534 3923 ut
556 3875 645 3940 qui
658 3877 770 3941 jam
794 3888 951 3934 antea
971 3886 1299 3955 Cremonam,
1323 3894 1544 3947 ut‘furo-

473 3951 547 4001 ris
570 3959 640 4003 ,et
661 3957 876 4009 sceleris
909 3965 1158 4032 pretium,
1188 3978 1542 4025 ostentassent

469 4025 639 4079 militi.

541 4105 785 4170 Quaejcm
800 4113 1077 4184 flagrabat]
1129 4123 1251 4174 Non
1280 4126 1417 4182 male
1449 4127 1537 4178 In-

357 4235 382 4250 ρ
472 4186 677 4247 terpres
720 4187 967 4256 Gallicus,
1017 4198 1105 4262 qui
1145 4203 1341 4253 vertit:
1406 4204 1536 4255 nihil

470 4262 670 4318 dictum
688 4276 782 4321 aut
803 4273 1053 4360 traditum
1074 4278 1140 4332 de
1160 4280 1277 4333 aliis
1295 4282 1534 4350 ducibus,

1634 2441 1651 2469 ⁴
1673 2444 1837 2491 ceteri
1860 2443 2020 2494 duces
2044 2447 2098 2496 iu
2122 2447 2382 2503 obscuro.'

1699 2517 1802 2567 Sed
1825 2517 2060 2586 Antonii,
2095 2539 2250 2588 quem
2271 2527 2286 2555 ‘
2310 2524 2527 2582 fortuna
2547 2530 2711 2583 fama-

1634 2611 1736 2662 que
1770 2601 1998 2651 omnium
2037 2605 2203 2654 oculis
2232 2615 2591 2675 exposuerat,'
2622 2627 2711 2662 ex·

1633 2679 1793 2738 cepta
1826 2691 1929 2729 vox
1952 2684 2052 2743 est,
2081 2681 2504 2750 statimstatic-um,
2527 2692 2586 2737 ut
2605 2688 2715 2738 bal·

1631 2766 1746 2802 neae
1799 2753 2151 2822 incalescerent,
2196 2769 2251 2812 et
2294 2765 2476 2815 vernile
2527 2768 2710 2817 dictum

1632 2828 1764 2878 illud
1801 2846 1982 2882 omnem
2017 2835 2247 2887 invidiam
2284 2838 2552 2908 facinoris,
2590 2860 2709 2910 quae

1633 2903 1770 2957 forte
1792 2909 1940 2959 simul
1980 2917 2035 2963 et
2072 2912 2123 2964 in
2156 2916 2283 2965 allos
2306 2916 2472 2970 duces
2493 2921 2714 2972 milites·

1633 2995 1738 3046 que
1763 2984 2033 3037 transferri
2058 2988 2257 3054 debuit,
2292 2992 2346 3041 in
2380 3009 2502 3044 eum
2521 2998 2707 3058 vertit,

1633 3059 1648 3086 ‘
1671 3064 1916 3126 tanquam
1953 3065 2155 3130 signum
2198 3069 2546 3124 incendendae
2583 3076 2710 3128 Cre·

1628 3151 1797 3187 monae
1814 3139 2079 3207 dedisset,’
2096 3148 2194 3197 ὅτε.

1693 3222 1714 3247 ²
1754 3217 1882 3267 Viles
1921 3222 1985 3269 ad
2021 3223 2258 3288 predam]
2315 3227 2439 3277 Non
2480 3232 2709 3293 praecise

1628 3291 1750 3356 quia
1787 3293 1935 3345 bellis
1957 3297 2197 3351 civilibus
2222 3305 2367 3368 capti
2389 3320 2492 3356 non
2516 3309 2711 3361 vende-

1627 3368 1838 3435 bantur,
1872 3380 1964 3425 aut
1986 3376 2109 3440 quia
2147 3378 2402 3431 edixisset
2437 3383 2708 3437 Antonius

1626 3446 1641 3473 ‘
1665 3458 1733 3494 ne
1755 3448 1869 3511 quis
1894 3449 2269 3504 Cremonenses
2300 3459 2539 3522 captivos
2575 3462 2710 3517 deti·

1623 3529 1797 3587 neret,
1829 3524 2131 3592 irritamque
2170 3532 2402 3596 praedam
2444 3537 2706 3591 militibus

1625 3596 1877 3651 effecerat
1899 3616 2176 3656 consensus
2198 3608 2370 3660 Italiae
2388 3612 2422 3672 ;'
2459 3615 2556 3665 sed
2577 3616 2708 3681 quia

1624 3683 1872 3739 provecta
1927 3686 2104 3744 aetate,
2149 3689 2204 3732 et
2230 3675 2379 3735 'nulli
2423 3690 2542 3740 usui
2583 3706 2705 3745 esse

1625 3758 1873 3815 poterant
1898 3755 1993 3805 -ini
2034 3759 2302 3821 grandaevi
2339 3779 2525 3831 senes;
2581 3769 2708 3835 quia

1623 3827 1701 3878 sic
1725 3831 1912 3880 nullius
1934 3834 2092 3895 pretii
2113 3833 2280 3888 fuere.

1689 3910 1714 3935 ⁸
1751 3904 2040 3971 Trahebani]
2088 3911 2388 3975 Rapiebant
2433 3921 2570 3973 tales
2608 3923 2700 3978 ho·

1620 3980 1786 4030 mines
1826 3982 1877 4031 iu
1909 3989 2272 4039 contumeliam
2297 4000 2352 4043 et
2389 3995 2699 4054 ludibrium.

1620 4057 1829 4122 Nempe
1862 4075 1957 4126 pro
1986 4062 2195 4127 ingenio
2218 4071 2431 4131 procaci
2455 4075 2701 4142 militum,

1617 4147 1735 4183 cum
1771 4148 1872 4184 uon
1896 4147 2111 4200 possent
2133 4147 2604 4210 corpori,·affectae
2628 4169 2697 4206 ἓν
2738 4173 2741 4180 ·

1615 4211 1716 4262 tati
1740 4216 1934 4277 tamen,
1953 4224 2009 4266 et
2031 4226 2263 4271 senectae
2288 4222 2608 4283 illudebant.
2644 4265 2652 4272 -

1679 4288 1704 4346 Ρ
1733 4290 1987 4359 Dio-auus]
2015 4293 2338 4362 Distractus.
2394 4315 2402 4322 ·
