<?xml version="1.0" encoding="UTF-8"?>
<!DOCTYPE html PUBLIC "-//W3C//DTD XHTML 1.0 Transitional//EN"
    "http://www.w3.org/TR/xhtml1/DTD/xhtml1-transitional.dtd">
<html xmlns="http://www.w3.org/1999/xhtml" xml:lang="en" lang="en">
 <head>
  <title>
</title>
<meta http-equiv="Content-Type" content="text/html;charset=utf-8" />
  <meta name='ocr-system' content='tesseract 3.04.00' />
  <meta name='ocr-capabilities' content='ocr_page ocr_carea ocr_par ocr_line ocrx_word'/>
</head>
<body>
  <div class='ocr_page' id='page_1' title='image "./operaomnia06tacigoog_0160.png"; bbox 0 0 3050 4917; ppageno 0'>
   <div class='ocr_carea' id='block_1_1' title="bbox 500 378 678 447">
    <p class='ocr_par' dir='ltr' id='par_1_1' title="bbox 500 378 678 447">
     <span class='ocr_line' id='line_1_1' title="bbox 500 378 678 447; baseline -0.011 1"><span class='ocrx_word' id='word_1_1' title='bbox 500 378 678 447; x_wconf 77' lang='lat'><strong>2890</strong></span> 
     </span>
    </p>
   </div>
   <div class='ocr_carea' id='block_1_2' title="bbox 1214 385 1997 441">
    <p class='ocr_par' dir='ltr' id='par_1_2' title="bbox 1214 385 1997 441">
     <span class='ocr_line' id='line_1_2' title="bbox 1214 385 1997 441; baseline -0.005 -3"><span class='ocrx_word' id='word_1_2' title='bbox 1214 389 1282 441; x_wconf 78' lang='lat'><strong>0.</strong></span> <span class='ocrx_word' id='word_1_3' title='bbox 1325 387 1694 439; x_wconf 76' lang='lat' dir='ltr'>CORNELII</span> <span class='ocrx_word' id='word_1_4' title='bbox 1740 385 1997 435; x_wconf 75' lang='lat' dir='ltr'><strong>&#39;rAcl‘rl</strong></span> 
     </span>
    </p>
   </div>
   <div class='ocr_carea' id='block_1_3' title="bbox 2602 189 2627 220">
    <p class='ocr_par' dir='ltr' id='par_1_3' title="bbox 2602 189 2627 220">
     <span class='ocr_line' id='line_1_3' title="bbox 2602 189 2627 220; baseline 0 0"><span class='ocrx_word' id='word_1_5' title='bbox 2602 189 2627 220; x_wconf 64' lang='lat' dir='ltr'>X</span> 
     </span>
    </p>
   </div>
   <div class='ocr_carea' id='block_1_4' title="bbox 2388 385 2703 452">
    <p class='ocr_par' dir='ltr' id='par_1_4' title="bbox 2388 385 2703 452">
     <span class='ocr_line' id='line_1_4' title="bbox 2388 385 2703 452; baseline 0 -15"><span class='ocrx_word' id='word_1_6' title='bbox 2388 385 2479 452; x_wconf 75' lang='lat' dir='ltr'><strong>[A.</strong></span> <span class='ocrx_word' id='word_1_7' title='bbox 2502 386 2571 438; x_wconf 82' lang='lat' dir='ltr'><strong>U.</strong></span> <span class='ocrx_word' id='word_1_8' title='bbox 2594 390 2703 438; x_wconf 70' lang='lat'><strong>822.</strong></span> 
     </span>
    </p>
   </div>
   <div class='ocr_carea' id='block_1_5' title="bbox 504 526 2706 727">
    <p class='ocr_par' dir='ltr' id='par_1_5' title="bbox 504 526 2706 727">
     <span class='ocr_line' id='line_1_5' title="bbox 504 526 2703 624; baseline -0.006 -18"><span class='ocrx_word' id='word_1_9' title='bbox 504 541 639 606; x_wconf 88' lang='lat' dir='ltr'><strong>diis</strong></span> <span class='ocrx_word' id='word_1_10' title='bbox 661 537 1082 624; x_wconf 81' lang='lat' dir='ltr'><strong>Apenninum</strong></span> <span class='ocrx_word' id='word_1_11' title='bbox 1109 536 1451 601; x_wconf 82' lang='lat' dir='ltr'><strong>rebantur:</strong></span> <span class='ocrx_word' id='word_1_12' title='bbox 1496 540 1563 600; x_wconf 89' lang='lat' dir='ltr'><strong>et</strong></span> <span class='ocrx_word' id='word_1_13' title='bbox 1587 535 1797 619; x_wconf 83' lang='lat' dir='ltr'><strong>ipsos,</strong></span> <span class='ocrx_word' id='word_1_14' title='bbox 1821 532 1891 596; x_wconf 91' lang='lat' dir='ltr'><strong>in</strong></span> <span class='ocrx_word' id='word_1_15' title='bbox 1918 531 2218 616; x_wconf 79' lang='lat' dir='ltr'><strong>regione5</strong></span> <span class='ocrx_word' id='word_1_16' title='bbox 2235 529 2413 595; x_wconf 90' lang='lat' dir='ltr'><strong>bello</strong></span> <span class='ocrx_word' id='word_1_17' title='bbox 2432 526 2703 606; x_wconf 80' lang='lat' dir='ltr'><strong>attrita‚⁶</strong></span> 
     </span>
     <span class='ocr_line' id='line_1_6' title="bbox 505 630 2706 727; baseline -0.007 -17"><span class='ocrx_word' id='word_1_18' title='bbox 505 643 741 727; x_wconf 87' lang='lat' dir='ltr'><strong>inopia</strong></span> <span class='ocrx_word' id='word_1_19' title='bbox 767 647 835 708; x_wconf 90' lang='lat' dir='ltr'><strong>et</strong></span> <span class='ocrx_word' id='word_1_20' title='bbox 862 639 1193 707; x_wconf 75' lang='lat' dir='ltr'><strong>seditiosae</strong></span> <span class='ocrx_word' id='word_1_21' title='bbox 1242 639 1529 705; x_wconf 89' lang='lat' dir='ltr'><strong>militum</strong></span> <span class='ocrx_word' id='word_1_22' title='bbox 1557 655 1758 706; x_wconf 88' lang='lat' dir='ltr'><strong>voces</strong></span> <span class='ocrx_word' id='word_1_23' title='bbox 1806 635 2152 715; x_wconf 84' lang='lat' dir='ltr'><strong>terrebant,</strong></span> <span class='ocrx_word' id='word_1_24' title='bbox 2193 630 2567 698; x_wconf 71' lang='lat' dir='ltr'><strong>clavarium‘</strong></span> <span class='ocrx_word' id='word_1_25' title='bbox 2590 631 2706 695; x_wconf 84' lang='lat' dir='ltr'><strong>fia-</strong></span> 
     </span>
    </p>
   </div>
   <div class='ocr_carea' id='block_1_6' title="bbox 506 823 2710 965">
    <p class='ocr_par' dir='ltr' id='par_1_6' title="bbox 506 823 2710 965">
     <span class='ocr_line' id='line_1_7' title="bbox 508 823 2710 898; baseline -0.007 -14"><span class='ocrx_word' id='word_1_26' title='bbox 508 833 613 883; x_wconf 73' lang='lat' dir='ltr'><strong>deri</strong></span> <span class='ocrx_word' id='word_1_27' title='bbox 648 834 886 898; x_wconf 72' lang='lat' dir='ltr'><strong>presidiis</strong></span> <span class='ocrx_word' id='word_1_28' title='bbox 905 834 1207 897; x_wconf 68' lang='lat' dir='ltr'><strong>Apenninum</strong></span> <span class='ocrx_word' id='word_1_29' title='bbox 1230 831 1498 897; x_wconf 52' lang='lat' dir='ltr'><strong>putubasto</strong></span> <span class='ocrx_word' id='word_1_30' title='bbox 1525 835 1589 881; x_wconf 72' lang='lat' dir='ltr'><strong>‘et</strong></span> <span class='ocrx_word' id='word_1_31' title='bbox 1620 828 1759 893; x_wconf 69' lang='lat' dir='ltr'><strong>ipsis,</strong></span> <span class='ocrx_word' id='word_1_32' title='bbox 1790 829 1844 878; x_wconf 74' lang='lat' dir='ltr'><strong>in</strong></span> <span class='ocrx_word' id='word_1_33' title='bbox 1867 825 2112 891; x_wconf 76' lang='lat' dir='ltr'><strong>provincia</strong></span> <span class='ocrx_word' id='word_1_34' title='bbox 2145 823 2262 875; x_wconf 76' lang='lat' dir='ltr'><strong>bello</strong></span> <span class='ocrx_word' id='word_1_35' title='bbox 2294 827 2502 880; x_wconf 69' lang='lat' dir='ltr'><strong>vestuta,</strong></span> <span class='ocrx_word' id='word_1_36' title='bbox 2540 825 2710 870; x_wconf 71' lang='lat' dir='ltr'><strong>vudum</strong></span> 
     </span>
     <span class='ocr_line' id='line_1_8' title="bbox 506 888 2710 965; baseline -0.008 -14"><span class='ocrx_word' id='word_1_37' title='bbox 506 896 751 958; x_wconf 73' lang='lat' dir='ltr'><strong>faciebant</strong></span> <span class='ocrx_word' id='word_1_38' title='bbox 767 899 967 965; x_wconf 79' lang='lat' dir='ltr'><strong>penuria</strong></span> <span class='ocrx_word' id='word_1_39' title='bbox 991 898 1256 964; x_wconf 89' lang='lat' dir='ltr'><strong>copiarum</strong></span> <span class='ocrx_word' id='word_1_40' title='bbox 1276 903 1322 948; x_wconf 75' lang='lat' dir='ltr'><strong>el</strong></span> <span class='ocrx_word' id='word_1_41' title='bbox 1344 896 1548 947; x_wconf 73' lang='lat' dir='ltr'><strong>turbidae</strong></span> <span class='ocrx_word' id='word_1_42' title='bbox 1570 896 1775 945; x_wconf 79' lang='lat' dir='ltr'><strong>militum</strong></span> <span class='ocrx_word' id='word_1_43' title='bbox 1794 907 1944 958; x_wconf 71' lang='lat' dir='ltr'><strong>voces,</strong></span> <span class='ocrx_word' id='word_1_44' title='bbox 1974 889 2369 956; x_wconf 72' lang='lat' dir='ltr'><strong>expostulantium</strong></span> <span class='ocrx_word' id='word_1_45' title='bbox 2388 888 2710 939; x_wconf 78' lang='lat' dir='ltr'><strong>clavarium:</strong></span> 
     </span>
    </p>
   </div>
   <div class='ocr_carea' id='block_1_7' title="bbox 1438 1023 1731 1044">
    <p class='ocr_par' dir='ltr' id='par_1_7' title="bbox 1438 1023 1731 1044">
     <span class='ocr_line' id='line_1_9' title="bbox 1438 1023 1731 1044; baseline -0.007 0"><span class='ocrx_word' id='word_1_46' title='bbox 1438 1023 1731 1044; x_wconf 61' lang='lat' dir='ltr'><strong>“mooe“</strong></span> 
     </span>
    </p>
   </div>
   <div class='ocr_carea' id='block_1_8' title="bbox 1738 1022 1794 1042">
    <p class='ocr_par' dir='ltr' id='par_1_8' title="bbox 1738 1022 1794 1042">
     <span class='ocr_line' id='line_1_10' title="bbox 1738 1022 1794 1042; baseline 0.018 -1"><span class='ocrx_word' id='word_1_47' title='bbox 1738 1022 1794 1042; x_wconf 65' lang='lat' dir='ltr'><strong>‘O</strong></span> 
     </span>
    </p>
   </div>
   <div class='ocr_carea' id='block_1_9' title="bbox 803 1091 2423 1163">
    <p class='ocr_par' dir='ltr' id='par_1_9' title="bbox 803 1091 2423 1163">
     <span class='ocr_line' id='line_1_11' title="bbox 803 1091 2423 1163; baseline -0.007 -11"><span class='ocrx_word' id='word_1_48' title='bbox 803 1108 833 1153; x_wconf 78' lang='lat'><strong>6</strong></span> <span class='ocrx_word' id='word_1_49' title='bbox 858 1101 1081 1152; x_wconf 85' lang='lat' dir='ltr'><strong>Plurimi</strong></span> <span class='ocrx_word' id='word_1_50' title='bbox 1098 1100 1212 1151; x_wconf 80' lang='lat' dir='ltr'><strong>libri</strong></span> <span class='ocrx_word' id='word_1_51' title='bbox 1230 1100 1422 1151; x_wconf 83' lang='lat' dir='ltr'><strong>habent</strong></span> <span class='ocrx_word' id='word_1_52' title='bbox 1459 1100 1758 1163; x_wconf 57' lang='lat' dir='ltr'><strong>legione—6</strong></span> <span class='ocrx_word' id='word_1_53' title='bbox 1789 1095 2045 1149; x_wconf 77' lang='lat' dir='ltr'><strong>Attributa</strong></span> <span class='ocrx_word' id='word_1_54' title='bbox 2069 1091 2173 1145; x_wconf 73' lang='lat' dir='ltr'><strong>Me.</strong></span> <span class='ocrx_word' id='word_1_55' title='bbox 2190 1093 2423 1143; x_wconf 87' lang='lat' dir='ltr'><strong>Budens.</strong></span> 
     </span>
    </p>
   </div>
   <div class='ocr_carea' id='block_1_10' title="bbox 1499 1247 1715 1300">
    <p class='ocr_par' dir='ltr' id='par_1_10' title="bbox 1499 1247 1715 1300">
     <span class='ocr_line' id='line_1_12' title="bbox 1499 1247 1715 1300; baseline -0.009 0"><span class='ocrx_word' id='word_1_56' title='bbox 1499 1249 1551 1300; x_wconf 88' lang='lat' dir='ltr'>N</span> <span class='ocrx_word' id='word_1_57' title='bbox 1558 1247 1715 1300; x_wconf 75' lang='lat' dir='ltr'><strong>01·AE</strong></span> 
     </span>
    </p>
   </div>
   <div class='ocr_carea' id='block_1_11' title="bbox 514 1353 1583 1650">
    <p class='ocr_par' dir='ltr' id='par_1_11' title="bbox 514 1353 1583 1650">
     <span class='ocr_line' id='line_1_13' title="bbox 515 1353 1580 1409; baseline -0.005 0"><span class='ocrx_word' id='word_1_58' title='bbox 515 1355 707 1409; x_wconf 77' lang='lat' dir='ltr'><strong>Fabius</strong></span> <span class='ocrx_word' id='word_1_59' title='bbox 731 1356 945 1407; x_wconf 78' lang='lat' dir='ltr'><strong>Valens.</strong></span> <span class='ocrx_word' id='word_1_60' title='bbox 1014 1354 1117 1407; x_wconf 86' lang='lat' dir='ltr'><strong>Sed</strong></span> <span class='ocrx_word' id='word_1_61' title='bbox 1159 1353 1310 1406; x_wconf 76' lang='lat' dir='ltr'><strong>hasce</strong></span> <span class='ocrx_word' id='word_1_62' title='bbox 1345 1356 1580 1407; x_wconf 86' lang='lat' dir='ltr'><strong>cohortes</strong></span> 
     </span>
     <span class='ocr_line' id='line_1_14' title="bbox 514 1432 1582 1508; baseline -0.004 -23"><span class='ocrx_word' id='word_1_63' title='bbox 514 1433 729 1486; x_wconf 80' lang='lat' dir='ltr'><strong>miserat</strong></span> <span class='ocrx_word' id='word_1_64' title='bbox 748 1432 860 1497; x_wconf 89' lang='lat' dir='ltr'><strong>ipse</strong></span> <span class='ocrx_word' id='word_1_65' title='bbox 873 1432 1133 1508; x_wconf 64' lang='lat' dir='ltr'><strong>Vitellius,</strong></span> <span class='ocrx_word' id='word_1_66' title='bbox 1153 1432 1219 1482; x_wconf 89' lang='lat' dir='ltr'><strong>ad</strong></span> <span class='ocrx_word' id='word_1_67' title='bbox 1242 1432 1582 1483; x_wconf 83' lang='lat' dir='ltr'><strong>obsidendum</strong></span> 
     </span>
     <span class='ocr_line' id='line_1_15' title="bbox 517 1507 1582 1575; baseline -0.002 -16"><span class='ocrx_word' id='word_1_68' title='bbox 517 1507 868 1575; x_wconf 84' lang='lat' dir='ltr'><strong>Apenninum.</strong></span> <span class='ocrx_word' id='word_1_69' title='bbox 904 1507 1050 1559; x_wconf 89' lang='lat' dir='ltr'><strong>Infra</strong></span> <span class='ocrx_word' id='word_1_70' title='bbox 1067 1514 1149 1559; x_wconf 74' lang='lat'><strong>55.</strong></span> <span class='ocrx_word' id='word_1_71' title='bbox 1202 1508 1425 1562; x_wconf 86' lang='lat' dir='ltr'><strong>‘Julium</strong></span> <span class='ocrx_word' id='word_1_72' title='bbox 1444 1509 1582 1560; x_wconf 86' lang='lat' dir='ltr'><strong>Pris-</strong></span> 
     </span>
     <span class='ocr_line' id='line_1_16' title="bbox 519 1584 1583 1650; baseline -0.002 -12"><span class='ocrx_word' id='word_1_73' title='bbox 519 1601 639 1638; x_wconf 87' lang='lat' dir='ltr'><strong>cum</strong></span> <span class='ocrx_word' id='word_1_74' title='bbox 676 1592 733 1635; x_wconf 91' lang='lat' dir='ltr'><strong>et</strong></span> <span class='ocrx_word' id='word_1_75' title='bbox 766 1584 1061 1650; x_wconf 80' lang='lat' dir='ltr'><strong>Alphenum</strong></span> <span class='ocrx_word' id='word_1_76' title='bbox 1082 1586 1277 1635; x_wconf 87' lang='lat' dir='ltr'><strong>Varum</strong></span> <span class='ocrx_word' id='word_1_77' title='bbox 1310 1601 1426 1636; x_wconf 90' lang='lat' dir='ltr'><strong>cum</strong></span> <span class='ocrx_word' id='word_1_78' title='bbox 1463 1598 1583 1636; x_wconf 76' lang='lat' dir='ltr'><strong>xiv·</strong></span> 
     </span>
    </p>
   </div>
   <div class='ocr_carea' id='block_1_12' title="bbox 431 1661 1585 1727">
    <p class='ocr_par' dir='ltr' id='par_1_12' title="bbox 431 1661 1585 1727">
     <span class='ocr_line' id='line_1_17' title="bbox 431 1661 1585 1727; baseline 0.001 -16"><span class='ocrx_word' id='word_1_79' title='bbox 431 1693 436 1698; x_wconf 81' lang='lat'><strong>·</strong></span> <span class='ocrx_word' id='word_1_80' title='bbox 520 1661 783 1727; x_wconf 82' lang='lat' dir='ltr'><strong>praetoriis</strong></span> <span class='ocrx_word' id='word_1_81' title='bbox 822 1661 1137 1724; x_wconf 75' lang='lat' dir='ltr'><strong>cohortibus,</strong></span> <span class='ocrx_word' id='word_1_82' title='bbox 1172 1668 1229 1712; x_wconf 87' lang='lat' dir='ltr'><strong>et</strong></span> <span class='ocrx_word' id='word_1_83' title='bbox 1266 1663 1501 1714; x_wconf 85' lang='lat' dir='ltr'><strong>omnibus</strong></span> <span class='ocrx_word' id='word_1_84' title='bbox 1532 1677 1585 1712; x_wconf 88' lang='lat' dir='ltr'><strong>e·</strong></span> 
     </span>
    </p>
   </div>
   <div class='ocr_carea' id='block_1_13' title="bbox 515 1737 1602 4351">
    <p class='ocr_par' dir='ltr' id='par_1_13' title="bbox 520 1737 1589 1956">
     <span class='ocr_line' id='line_1_18' title="bbox 521 1737 1585 1805; baseline 0.003 -18"><span class='ocrx_word' id='word_1_85' title='bbox 521 1739 725 1804; x_wconf 86' lang='lat' dir='ltr'><strong>quitum</strong></span> <span class='ocrx_word' id='word_1_86' title='bbox 748 1738 861 1803; x_wconf 83' lang='lat' dir='ltr'><strong>alis,</strong></span> <span class='ocrx_word' id='word_1_87' title='bbox 896 1737 1133 1788; x_wconf 85' lang='lat' dir='ltr'><strong>obsidere</strong></span> <span class='ocrx_word' id='word_1_88' title='bbox 1155 1737 1486 1805; x_wconf 80' lang='lat' dir='ltr'><strong>Apenninum</strong></span> <span class='ocrx_word' id='word_1_89' title='bbox 1499 1739 1585 1804; x_wconf 89' lang='lat' dir='ltr'><strong>ju-</strong></span> 
     </span>
     <span class='ocr_line' id='line_1_19' title="bbox 520 1814 1589 1879; baseline 0.005 -14"><span class='ocrx_word' id='word_1_90' title='bbox 520 1814 652 1866; x_wconf 84' lang='lat' dir='ltr'><strong>bet.’</strong></span> <span class='ocrx_word' id='word_1_91' title='bbox 719 1816 790 1865; x_wconf 89' lang='lat' dir='ltr'><strong>Et</strong></span> <span class='ocrx_word' id='word_1_92' title='bbox 831 1815 947 1879; x_wconf 86' lang='lat' dir='ltr'><strong>ipse</strong></span> <span class='ocrx_word' id='word_1_93' title='bbox 981 1815 1221 1867; x_wconf 78' lang='lat' dir='ltr'><strong>Vitellius</strong></span> <span class='ocrx_word' id='word_1_94' title='bbox 1263 1833 1387 1868; x_wconf 79' lang='lat' dir='ltr'><strong>mox</strong></span> <span class='ocrx_word' id='word_1_95' title='bbox 1427 1818 1478 1869; x_wconf 90' lang='lat' dir='ltr'><strong>in</strong></span> <span class='ocrx_word' id='word_1_96' title='bbox 1523 1833 1589 1871; x_wconf 84' lang='lat' dir='ltr'><strong>ea</strong></span> 
     </span>
     <span class='ocr_line' id='line_1_20' title="bbox 523 1892 1393 1956; baseline -0.001 -11"><span class='ocrx_word' id='word_1_97' title='bbox 523 1898 698 1945; x_wconf 72' lang='lat' dir='ltr'><strong>caetra</strong></span> <span class='ocrx_word' id='word_1_98' title='bbox 721 1892 882 1956; x_wconf 77' lang='lat' dir='ltr'><strong>venit,</strong></span> <span class='ocrx_word' id='word_1_99' title='bbox 914 1892 1109 1942; x_wconf 83' lang='lat' dir='ltr'><strong>insessa</strong></span> <span class='ocrx_word' id='word_1_100' title='bbox 1130 1894 1393 1945; x_wconf 86' lang='lat' dir='ltr'><strong>Mevania.</strong></span> 
     </span>
    </p>

    <p class='ocr_par' dir='ltr' id='par_1_14' title="bbox 522 1969 1591 2190">
     <span class='ocr_line' id='line_1_21' title="bbox 588 1969 1591 2041; baseline 0.004 -22"><span class='ocrx_word' id='word_1_101' title='bbox 588 1975 609 2006; x_wconf 71' lang='lat'>¹</span> <span class='ocrx_word' id='word_1_102' title='bbox 645 1969 940 2033; x_wconf 60' lang='lat' dir='ltr'><strong>Cleua-ium]</strong></span> <span class='ocrx_word' id='word_1_103' title='bbox 983 1970 1139 2022; x_wconf 81' lang='lat' dir='ltr'><strong>Quod</strong></span> <span class='ocrx_word' id='word_1_104' title='bbox 1178 1979 1496 2041; x_wconf 64' lang='lat' dir='ltr'><strong>praetextum</strong></span> <span class='ocrx_word' id='word_1_105' title='bbox 1534 1978 1591 2023; x_wconf 90' lang='lat' dir='ltr'><strong>et</strong></span> 
     </span>
     <span class='ocr_line' id='line_1_22' title="bbox 522 2045 1590 2114; baseline 0.004 -16"><span class='ocrx_word' id='word_1_106' title='bbox 522 2045 776 2113; x_wconf 82' lang='lat' dir='ltr'><strong>originem</strong></span> <span class='ocrx_word' id='word_1_107' title='bbox 813 2047 1015 2113; x_wconf 86' lang='lat' dir='ltr'><strong>habuit,</strong></span> <span class='ocrx_word' id='word_1_108' title='bbox 1048 2050 1196 2114; x_wconf 88' lang='lat' dir='ltr'><strong>quasi</strong></span> <span class='ocrx_word' id='word_1_109' title='bbox 1231 2049 1299 2100; x_wconf 85' lang='lat' dir='ltr'><strong>ad</strong></span> <span class='ocrx_word' id='word_1_110' title='bbox 1337 2050 1590 2103; x_wconf 81' lang='lat' dir='ltr'><strong>militares</strong></span> 
     </span>
     <span class='ocr_line' id='line_1_23' title="bbox 526 2123 1396 2190; baseline 0 -15"><span class='ocrx_word' id='word_1_111' title='bbox 526 2124 719 2187; x_wconf 82' lang='lat' dir='ltr'><strong>clavos,</strong></span> <span class='ocrx_word' id='word_1_112' title='bbox 738 2123 803 2175; x_wconf 90' lang='lat' dir='ltr'><strong>de</strong></span> <span class='ocrx_word' id='word_1_113' title='bbox 823 2124 1009 2189; x_wconf 88' lang='lat' dir='ltr'><strong>quibus</strong></span> <span class='ocrx_word' id='word_1_114' title='bbox 1033 2140 1110 2174; x_wconf 88' lang='lat' dir='ltr'><strong>res</strong></span> <span class='ocrx_word' id='word_1_115' title='bbox 1125 2126 1236 2190; x_wconf 83' lang='lat' dir='ltr'><strong>jam</strong></span> <span class='ocrx_word' id='word_1_116' title='bbox 1260 2133 1396 2177; x_wconf 87' lang='lat' dir='ltr'><strong>nota.</strong></span> 
     </span>
    </p>

    <p class='ocr_par' dir='ltr' id='par_1_15' title="bbox 515 2199 1596 2730">
     <span class='ocr_line' id='line_1_24' title="bbox 590 2199 1588 2265; baseline 0.001 -13"><span class='ocrx_word' id='word_1_117' title='bbox 590 2201 756 2252; x_wconf 85' lang='lat' dir='ltr'><strong>Simili</strong></span> <span class='ocrx_word' id='word_1_118' title='bbox 790 2199 956 2252; x_wconf 80' lang='lat' dir='ltr'><strong>forma</strong></span> <span class='ocrx_word' id='word_1_119' title='bbox 982 2202 1366 2265; x_wconf 66' lang='lat' dir='ltr'><strong>Unguentarium</strong></span> <span class='ocrx_word' id='word_1_120' title='bbox 1386 2203 1588 2253; x_wconf 82' lang='lat' dir='ltr'><strong>Plinius</strong></span> 
     </span>
     <span class='ocr_line' id='line_1_25' title="bbox 524 2278 1592 2344; baseline 0.001 -14"><span class='ocrx_word' id='word_1_121' title='bbox 524 2278 679 2341; x_wconf 82' lang='lat' dir='ltr'><strong>dixit,</strong></span> <span class='ocrx_word' id='word_1_122' title='bbox 693 2279 728 2328; x_wconf 88' lang='lat' dir='ltr'><strong>l.</strong></span> <span class='ocrx_word' id='word_1_123' title='bbox 741 2292 802 2329; x_wconf 83' lang='lat' dir='ltr'><strong>n.</strong></span> <span class='ocrx_word' id='word_1_124' title='bbox 826 2280 1044 2344; x_wconf 79' lang='lat' dir='ltr'><strong>epistola</strong></span> <span class='ocrx_word' id='word_1_125' title='bbox 1068 2285 1145 2331; x_wconf 81' lang='lat'><strong>11.</strong></span> <span class='ocrx_word' id='word_1_126' title='bbox 1179 2281 1194 2309; x_wconf 75' lang='lat'><em>⁴</em></span> <span class='ocrx_word' id='word_1_127' title='bbox 1215 2283 1484 2332; x_wconf 81' lang='lat' dir='ltr'><strong>Praeterea</strong></span> <span class='ocrx_word' id='word_1_128' title='bbox 1507 2297 1592 2331; x_wconf 85' lang='lat' dir='ltr'><strong>ac-</strong></span> 
     </span>
     <span class='ocr_line' id='line_1_26' title="bbox 526 2356 1590 2423; baseline 0.003 -17"><span class='ocrx_word' id='word_1_129' title='bbox 526 2362 745 2420; x_wconf 88' lang='lat' dir='ltr'><strong>ceperat</strong></span> <span class='ocrx_word' id='word_1_130' title='bbox 766 2356 1061 2406; x_wconf 74' lang='lat' dir='ltr'><strong>sestertium</strong></span> <span class='ocrx_word' id='word_1_131' title='bbox 1095 2356 1277 2408; x_wconf 86' lang='lat' dir='ltr'><strong>decem</strong></span> <span class='ocrx_word' id='word_1_132' title='bbox 1300 2357 1476 2423; x_wconf 85' lang='lat' dir='ltr'><strong>millia,</strong></span> <span class='ocrx_word' id='word_1_133' title='bbox 1498 2358 1590 2409; x_wconf 85' lang='lat' dir='ltr'><strong>foe-</strong></span> 
     </span>
     <span class='ocr_line' id='line_1_27' title="bbox 515 2429 1591 2498; baseline -0.001 -13"><span class='ocrx_word' id='word_1_134' title='bbox 515 2429 737 2485; x_wconf 68' lang='lat' dir='ltr'><strong>⁴dissime</strong></span> <span class='ocrx_word' id='word_1_135' title='bbox 789 2433 995 2498; x_wconf 84' lang='lat' dir='ltr'><strong>quidem</strong></span> <span class='ocrx_word' id='word_1_136' title='bbox 1040 2434 1208 2498; x_wconf 81' lang='lat' dir='ltr'><strong>titulo,</strong></span> <span class='ocrx_word' id='word_1_137' title='bbox 1249 2434 1458 2484; x_wconf 86' lang='lat' dir='ltr'><strong>nomine</strong></span> <span class='ocrx_word' id='word_1_138' title='bbox 1498 2449 1591 2485; x_wconf 90' lang='lat' dir='ltr'><strong>un·</strong></span> 
     </span>
     <span class='ocr_line' id='line_1_28' title="bbox 528 2509 1596 2575; baseline 0.002 -16"><span class='ocrx_word' id='word_1_139' title='bbox 528 2509 788 2575; x_wconf 76' lang='lat' dir='ltr'><strong>guentarii</strong></span> <span class='ocrx_word' id='word_1_140' title='bbox 806 2510 840 2559; x_wconf 73' lang='grc' dir='ltr'><strong>ι’</strong></span> <span class='ocrx_word' id='word_1_141' title='bbox 889 2509 1239 2574; x_wconf 87' lang='lat' dir='ltr'><strong>donationem,</strong></span> <span class='ocrx_word' id='word_1_142' title='bbox 1296 2510 1518 2574; x_wconf 84' lang='lat' dir='ltr'><strong>scilicet,</strong></span> <span class='ocrx_word' id='word_1_143' title='bbox 1564 2527 1596 2561; x_wconf 91' lang='lat' dir='ltr'><strong>a</strong></span> 
     </span>
     <span class='ocr_line' id='line_1_29' title="bbox 525 2586 1594 2653; baseline 0.002 -17"><span class='ocrx_word' id='word_1_144' title='bbox 525 2587 929 2652; x_wconf 80' lang='lat' dir='ltr'><strong>provincialibus</strong></span> <span class='ocrx_word' id='word_1_145' title='bbox 954 2586 1145 2638; x_wconf 85' lang='lat' dir='ltr'><strong>factam</strong></span> <span class='ocrx_word' id='word_1_146' title='bbox 1168 2588 1222 2638; x_wconf 90' lang='lat' dir='ltr'><strong>in</strong></span> <span class='ocrx_word' id='word_1_147' title='bbox 1244 2589 1493 2653; x_wconf 83' lang='lat' dir='ltr'><strong>legatum,</strong></span> <span class='ocrx_word' id='word_1_148' title='bbox 1527 2586 1594 2639; x_wconf 90' lang='lat' dir='ltr'><strong>ad</strong></span> 
     </span>
     <span class='ocr_line' id='line_1_30' title="bbox 528 2671 814 2730; baseline -0.003 -14"><span class='ocrx_word' id='word_1_149' title='bbox 528 2671 814 2730; x_wconf 81' lang='lat' dir='ltr'><strong>unguenta.</strong></span> 
     </span>
    </p>

    <p class='ocr_par' dir='ltr' id='par_1_16' title="bbox 527 2741 1594 2961">
     <span class='ocr_line' id='line_1_31' title="bbox 557 2741 1594 2808; baseline 0.003 -18"><span class='ocrx_word' id='word_1_150' title='bbox 557 2777 562 2783; x_wconf 82' lang='lat'><strong>.</strong></span> <span class='ocrx_word' id='word_1_151' title='bbox 594 2741 682 2791; x_wconf 88' lang='lat' dir='ltr'><strong>Sic</strong></span> <span class='ocrx_word' id='word_1_152' title='bbox 715 2741 767 2791; x_wconf 91' lang='lat' dir='ltr'><strong>in</strong></span> <span class='ocrx_word' id='word_1_153' title='bbox 798 2741 1030 2793; x_wconf 88' lang='lat' dir='ltr'><strong>Suetonii</strong></span> <span class='ocrx_word' id='word_1_154' title='bbox 1049 2742 1386 2807; x_wconf 73' lang='lat' dir='ltr'><strong>Vespasiano,</strong></span> <span class='ocrx_word' id='word_1_155' title='bbox 1419 2743 1594 2808; x_wconf 85' lang='lat' dir='ltr'><strong>capite</strong></span> 
     </span>
     <span class='ocr_line' id='line_1_32' title="bbox 527 2818 1594 2884; baseline 0.001 -15"><span class='ocrx_word' id='word_1_156' title='bbox 527 2822 580 2870; x_wconf 81' lang='lat'><strong>8.</strong></span> <span class='ocrx_word' id='word_1_157' title='bbox 627 2819 645 2847; x_wconf 86' lang='lat'>‘</span> <span class='ocrx_word' id='word_1_158' title='bbox 668 2818 928 2869; x_wconf 87' lang='lat' dir='ltr'><strong>Classiarii</strong></span> <span class='ocrx_word' id='word_1_159' title='bbox 969 2826 1176 2884; x_wconf 87' lang='lat' dir='ltr'><strong>petunt,</strong></span> <span class='ocrx_word' id='word_1_160' title='bbox 1215 2820 1465 2871; x_wconf 84' lang='lat' dir='ltr'><strong>constitui</strong></span> <span class='ocrx_word' id='word_1_161' title='bbox 1503 2821 1594 2871; x_wconf 90' lang='lat' dir='ltr'><strong>ali-</strong></span> 
     </span>
     <span class='ocr_line' id='line_1_33' title="bbox 527 2895 1561 2961; baseline 0.002 -15"><span class='ocrx_word' id='word_1_162' title='bbox 527 2895 657 2961; x_wconf 85' lang='lat' dir='ltr'><strong>quid</strong></span> <span class='ocrx_word' id='word_1_163' title='bbox 679 2896 776 2947; x_wconf 87' lang='lat' dir='ltr'><strong>sibi</strong></span> <span class='ocrx_word' id='word_1_164' title='bbox 797 2897 1040 2947; x_wconf 84' lang='lat' dir='ltr'><strong>calcearii</strong></span> <span class='ocrx_word' id='word_1_165' title='bbox 1058 2897 1300 2948; x_wconf 69' lang='lat' dir='ltr'><strong>nomine!</strong></span> <span class='ocrx_word' id='word_1_166' title='bbox 1349 2899 1561 2948; x_wconf 67' lang='grc' dir='ltr'><strong>Ιλοσίιιι.</strong></span> 
     </span>
    </p>

    <p class='ocr_par' dir='ltr' id='par_1_17' title="bbox 529 2973 1597 3578">
     <span class='ocr_line' id='line_1_34' title="bbox 598 2973 1595 3037; baseline 0.002 -14"><span class='ocrx_word' id='word_1_167' title='bbox 598 2973 895 3037; x_wconf 64' lang='lat' dir='ltr'><strong>clavarium]</strong></span> <span class='ocrx_word' id='word_1_168' title='bbox 926 2974 1189 3025; x_wconf 83' lang='lat' dir='ltr'><strong>Usitatum</strong></span> <span class='ocrx_word' id='word_1_169' title='bbox 1228 2976 1399 3025; x_wconf 83' lang='lat' dir='ltr'><strong>aureis</strong></span> <span class='ocrx_word' id='word_1_170' title='bbox 1435 2975 1595 3027; x_wconf 79' lang='lat' dir='ltr'><strong>clavis</strong></span> 
     </span>
     <span class='ocr_line' id='line_1_35' title="bbox 529 3049 1596 3117; baseline 0.003 -18"><span class='ocrx_word' id='word_1_171' title='bbox 529 3049 693 3114; x_wconf 80' lang='lat' dir='ltr'><strong>figere</strong></span> <span class='ocrx_word' id='word_1_172' title='bbox 734 3050 991 3114; x_wconf 75' lang='lat' dir='ltr'><strong>crepidas,</strong></span> <span class='ocrx_word' id='word_1_173' title='bbox 1034 3051 1196 3100; x_wconf 85' lang='lat' dir='ltr'><strong>tradit</strong></span> <span class='ocrx_word' id='word_1_174' title='bbox 1238 3051 1458 3117; x_wconf 81' lang='lat' dir='ltr'><strong>Plinius,</strong></span> <span class='ocrx_word' id='word_1_175' title='bbox 1500 3051 1596 3102; x_wconf 89' lang='lat' dir='ltr'><strong>lib.</strong></span> 
     </span>
     <span class='ocr_line' id='line_1_36' title="bbox 532 3126 1594 3193; baseline 0.003 -18"><span class='ocrx_word' id='word_1_176' title='bbox 532 3138 746 3176; x_wconf 76' lang='lat' dir='ltr'><strong>xxxin.</strong></span> <span class='ocrx_word' id='word_1_177' title='bbox 786 3130 835 3176; x_wconf 72' lang='lat'><strong>8.</strong></span> <span class='ocrx_word' id='word_1_178' title='bbox 889 3126 1151 3177; x_wconf 75' lang='lat' dir='ltr'><strong>‘Summae</strong></span> <span class='ocrx_word' id='word_1_179' title='bbox 1195 3127 1333 3193; x_wconf 86' lang='lat' dir='ltr'><strong>apud</strong></span> <span class='ocrx_word' id='word_1_180' title='bbox 1383 3134 1594 3180; x_wconf 82' lang='lat' dir='ltr'><strong>exteros</strong></span> 
     </span>
     <span class='ocr_line' id='line_1_37' title="bbox 529 3203 1595 3272; baseline 0.003 -18"><span class='ocrx_word' id='word_1_181' title='bbox 529 3204 761 3255; x_wconf 76' lang='lat' dir='ltr'><strong>licentiae</strong></span> <span class='ocrx_word' id='word_1_182' title='bbox 784 3203 977 3266; x_wconf 87' lang='lat' dir='ltr'><strong>fuerat,</strong></span> <span class='ocrx_word' id='word_1_183' title='bbox 999 3205 1185 3268; x_wconf 88' lang='lat' dir='ltr'><strong>poculo</strong></span> <span class='ocrx_word' id='word_1_184' title='bbox 1204 3220 1359 3256; x_wconf 89' lang='lat' dir='ltr'><strong>aureo</strong></span> <span class='ocrx_word' id='word_1_185' title='bbox 1381 3207 1595 3272; x_wconf 86' lang='lat' dir='ltr'><strong>pulvino</strong></span> 
     </span>
     <span class='ocr_line' id='line_1_38' title="bbox 532 3280 1596 3345; baseline 0.001 -15"><span class='ocrx_word' id='word_1_186' title='bbox 532 3280 762 3343; x_wconf 82' lang='lat' dir='ltr'><strong>subdito,</strong></span> <span class='ocrx_word' id='word_1_187' title='bbox 805 3281 1105 3345; x_wconf 87' lang='lat' dir='ltr'><strong>Philippum</strong></span> <span class='ocrx_word' id='word_1_188' title='bbox 1149 3296 1323 3345; x_wconf 83' lang='lat' dir='ltr'><strong>regem</strong></span> <span class='ocrx_word' id='word_1_189' title='bbox 1374 3282 1596 3333; x_wconf 85' lang='lat' dir='ltr'><strong>dormire</strong></span> 
     </span>
     <span class='ocr_line' id='line_1_39' title="bbox 530 3356 1596 3421; baseline 0.001 -14"><span class='ocrx_word' id='word_1_190' title='bbox 530 3356 772 3407; x_wconf 74' lang='lat' dir='ltr'><strong>solitum:</strong></span> <span class='ocrx_word' id='word_1_191' title='bbox 807 3356 1076 3421; x_wconf 78' lang='lat' dir='ltr'><strong>Agnonem</strong></span> <span class='ocrx_word' id='word_1_192' title='bbox 1097 3357 1276 3407; x_wconf 81' lang='lat' dir='ltr'><strong>Teium</strong></span> <span class='ocrx_word' id='word_1_193' title='bbox 1308 3357 1596 3409; x_wconf 78' lang='lat' dir='ltr'><strong>Alexandri</strong></span> 
     </span>
     <span class='ocr_line' id='line_1_40' title="bbox 532 3432 1597 3498; baseline 0.003 -15"><span class='ocrx_word' id='word_1_194' title='bbox 532 3433 718 3498; x_wconf 80' lang='lat' dir='ltr'><strong>Magni</strong></span> <span class='ocrx_word' id='word_1_195' title='bbox 739 3432 1064 3498; x_wconf 64' lang='lat' dir='ltr'><strong>prefectum,</strong></span> <span class='ocrx_word' id='word_1_196' title='bbox 1087 3435 1255 3485; x_wconf 86' lang='lat' dir='ltr'><strong>aureis</strong></span> <span class='ocrx_word' id='word_1_197' title='bbox 1277 3436 1435 3486; x_wconf 84' lang='lat' dir='ltr'><strong>clavis</strong></span> <span class='ocrx_word' id='word_1_198' title='bbox 1460 3434 1597 3486; x_wconf 85' lang='lat' dir='ltr'><strong>suffi-</strong></span> 
     </span>
     <span class='ocr_line' id='line_1_41' title="bbox 536 3508 1426 3578; baseline 0 -17"><span class='ocrx_word' id='word_1_199' title='bbox 536 3525 665 3576; x_wconf 81' lang='lat' dir='ltr'><strong>gere</strong></span> <span class='ocrx_word' id='word_1_200' title='bbox 686 3508 961 3578; x_wconf 60' lang='lat' dir='ltr'><strong>crepidas?</strong></span> <span class='ocrx_word' id='word_1_201' title='bbox 1407 3509 1426 3522; x_wconf 67' lang='lat'><strong>⁶</strong></span> 
     </span>
    </p>

    <p class='ocr_par' dir='ltr' id='par_1_18' title="bbox 523 3585 1602 4351">
     <span class='ocr_line' id='line_1_42' title="bbox 600 3585 1596 3654; baseline 0.002 -16"><span class='ocrx_word' id='word_1_202' title='bbox 600 3587 689 3638; x_wconf 88' lang='lat' dir='ltr'><strong>Sic</strong></span> <span class='ocrx_word' id='word_1_203' title='bbox 707 3585 847 3637; x_wconf 84' lang='lat' dir='ltr'><strong>forte</strong></span> <span class='ocrx_word' id='word_1_204' title='bbox 864 3586 1103 3650; x_wconf 85' lang='lat' dir='ltr'><strong>Tribuni,</strong></span> <span class='ocrx_word' id='word_1_205' title='bbox 1121 3588 1387 3654; x_wconf 84' lang='lat' dir='ltr'><strong>primipili,</strong></span> <span class='ocrx_word' id='word_1_206' title='bbox 1399 3594 1458 3641; x_wconf 88' lang='lat' dir='ltr'><strong>et</strong></span> <span class='ocrx_word' id='word_1_207' title='bbox 1474 3602 1596 3640; x_wconf 87' lang='lat' dir='ltr'><strong>cen-</strong></span> 
     </span>
     <span class='ocr_line' id='line_1_43' title="bbox 535 3663 1598 3730; baseline 0.002 -16"><span class='ocrx_word' id='word_1_208' title='bbox 535 3664 770 3715; x_wconf 88' lang='lat' dir='ltr'><strong>turiones</strong></span> <span class='ocrx_word' id='word_1_209' title='bbox 786 3663 1038 3728; x_wconf 79' lang='lat' dir='ltr'><strong>opulenti,</strong></span> <span class='ocrx_word' id='word_1_210' title='bbox 1051 3665 1288 3730; x_wconf 81' lang='lat' dir='ltr'><strong>crepidas</strong></span> <span class='ocrx_word' id='word_1_211' title='bbox 1311 3667 1480 3716; x_wconf 81' lang='lat' dir='ltr'><strong>aureis</strong></span> <span class='ocrx_word' id='word_1_212' title='bbox 1494 3667 1598 3716; x_wconf 88' lang='lat' dir='ltr'><strong>cla-</strong></span> 
     </span>
     <span class='ocr_line' id='line_1_44' title="bbox 523 3738 1599 3804; baseline 0.003 -15"><span class='ocrx_word' id='word_1_213' title='bbox 523 3738 613 3789; x_wconf 47' lang='lat' dir='ltr'><strong>‘vis</strong></span> <span class='ocrx_word' id='word_1_214' title='bbox 649 3738 895 3804; x_wconf 82' lang='lat' dir='ltr'><strong>figebant.</strong></span> <span class='ocrx_word' id='word_1_215' title='bbox 960 3740 1137 3790; x_wconf 88' lang='lat' dir='ltr'><strong>Ceteri</strong></span> <span class='ocrx_word' id='word_1_216' title='bbox 1175 3742 1352 3791; x_wconf 81' lang='lat' dir='ltr'><strong>luxum</strong></span> <span class='ocrx_word' id='word_1_217' title='bbox 1391 3742 1599 3793; x_wconf 78' lang='lat' dir='ltr'><strong>aemnla·</strong></span> 
     </span>
     <span class='ocr_line' id='line_1_45' title="bbox 536 3816 1595 3881; baseline 0.004 -15"><span class='ocrx_word' id='word_1_218' title='bbox 536 3816 726 3866; x_wconf 86' lang='lat' dir='ltr'><strong>bantur</strong></span> <span class='ocrx_word' id='word_1_219' title='bbox 749 3831 844 3880; x_wconf 91' lang='lat' dir='ltr'><strong>pro</strong></span> <span class='ocrx_word' id='word_1_220' title='bbox 864 3817 969 3866; x_wconf 89' lang='lat' dir='ltr'><strong>suis</strong></span> <span class='ocrx_word' id='word_1_221' title='bbox 992 3817 1199 3881; x_wconf 83' lang='lat' dir='ltr'><strong>opibus,</strong></span> <span class='ocrx_word' id='word_1_222' title='bbox 1215 3825 1276 3868; x_wconf 92' lang='lat' dir='ltr'><strong>ut</strong></span> <span class='ocrx_word' id='word_1_223' title='bbox 1295 3818 1408 3869; x_wconf 87' lang='lat' dir='ltr'><strong>fieri</strong></span> <span class='ocrx_word' id='word_1_224' title='bbox 1428 3821 1562 3870; x_wconf 87' lang='lat' dir='ltr'><strong>solet</strong></span> <span class='ocrx_word' id='word_1_225' title='bbox 1580 3835 1595 3881; x_wconf 90' lang='lat'>;</span> 
     </span>
     <span class='ocr_line' id='line_1_46' title="bbox 537 3894 1599 3959; baseline 0.007 -18"><span class='ocrx_word' id='word_1_226' title='bbox 537 3898 629 3941; x_wconf 81' lang='lat' dir='ltr'><strong>aut</strong></span> <span class='ocrx_word' id='word_1_227' title='bbox 650 3900 797 3942; x_wconf 91' lang='lat' dir='ltr'><strong>certe</strong></span> <span class='ocrx_word' id='word_1_228' title='bbox 818 3894 1000 3959; x_wconf 80' lang='lat' dir='ltr'><strong>vulgus</strong></span> <span class='ocrx_word' id='word_1_229' title='bbox 1021 3897 1181 3946; x_wconf 81' lang='lat' dir='ltr'><strong>clavis</strong></span> <span class='ocrx_word' id='word_1_230' title='bbox 1202 3895 1384 3948; x_wconf 85' lang='lat' dir='ltr'><strong>ferreis</strong></span> <span class='ocrx_word' id='word_1_231' title='bbox 1401 3899 1599 3948; x_wconf 87' lang='lat' dir='ltr'><strong>munie-</strong></span> 
     </span>
     <span class='ocr_line' id='line_1_47' title="bbox 538 3966 1601 4039; baseline 0.008 -21"><span class='ocrx_word' id='word_1_232' title='bbox 538 3966 634 4018; x_wconf 84' lang='lat' dir='ltr'><strong>bat</strong></span> <span class='ocrx_word' id='word_1_233' title='bbox 654 3969 869 4034; x_wconf 79' lang='lat' dir='ltr'><strong>caligas,</strong></span> <span class='ocrx_word' id='word_1_234' title='bbox 904 3986 994 4021; x_wconf 89' lang='lat' dir='ltr'><strong>seu</strong></span> <span class='ocrx_word' id='word_1_235' title='bbox 1017 3973 1236 4028; x_wconf 79' lang='lat' dir='ltr'><strong>calceos.</strong></span> <span class='ocrx_word' id='word_1_236' title='bbox 1300 3975 1601 4039; x_wconf 84' lang='lat' dir='ltr'><strong>Imperator</strong></span> 
     </span>
     <span class='ocr_line' id='line_1_48' title="bbox 539 4045 1599 4117; baseline 0.01 -24"><span class='ocrx_word' id='word_1_237' title='bbox 539 4045 682 4095; x_wconf 83' lang='lat' dir='ltr'><strong>Leo:</strong></span> <span class='ocrx_word' id='word_1_238' title='bbox 718 4046 735 4074; x_wconf 89' lang='lat'>‘</span> <span class='ocrx_word' id='word_1_239' title='bbox 759 4047 937 4098; x_wconf 86' lang='lat' dir='ltr'><strong>Calcei</strong></span> <span class='ocrx_word' id='word_1_240' title='bbox 972 4048 1205 4113; x_wconf 86' lang='lat' dir='ltr'><strong>peditum</strong></span> <span class='ocrx_word' id='word_1_241' title='bbox 1227 4051 1442 4117; x_wconf 79' lang='lat' dir='ltr'><strong>fastigia</strong></span> <span class='ocrx_word' id='word_1_242' title='bbox 1475 4061 1599 4104; x_wconf 87' lang='lat' dir='ltr'><strong>ante</strong></span> 
     </span>
     <span class='ocr_line' id='line_1_49' title="bbox 537 4122 1600 4190; baseline 0.008 -17"><span class='ocrx_word' id='word_1_243' title='bbox 537 4122 831 4173; x_wconf 81' lang='lat' dir='ltr'><strong>acuminata</strong></span> <span class='ocrx_word' id='word_1_244' title='bbox 851 4139 917 4176; x_wconf 88' lang='lat' dir='ltr'><strong>ne</strong></span> <span class='ocrx_word' id='word_1_245' title='bbox 937 4126 1193 4190; x_wconf 80' lang='lat' dir='ltr'><strong>habeant3</strong></span> <span class='ocrx_word' id='word_1_246' title='bbox 1229 4143 1496 4182; x_wconf 73' lang='lat' dir='ltr'><strong>necessum</strong></span> <span class='ocrx_word' id='word_1_247' title='bbox 1513 4145 1600 4181; x_wconf 86' lang='lat' dir='ltr'><strong>ve·</strong></span> 
     </span>
     <span class='ocr_line' id='line_1_50' title="bbox 537 4201 1602 4268; baseline 0.009 -19"><span class='ocrx_word' id='word_1_248' title='bbox 537 4213 598 4250; x_wconf 89' lang='lat' dir='ltr'><strong>ro</strong></span> <span class='ocrx_word' id='word_1_249' title='bbox 620 4205 703 4250; x_wconf 80' lang='lat' dir='ltr'><strong>est</strong></span> <span class='ocrx_word' id='word_1_250' title='bbox 722 4201 899 4265; x_wconf 81' lang='lat' dir='ltr'><strong>paucis</strong></span> <span class='ocrx_word' id='word_1_251' title='bbox 910 4203 1218 4268; x_wconf 82' lang='lat' dir='ltr'><strong>quibusdam</strong></span> <span class='ocrx_word' id='word_1_252' title='bbox 1232 4205 1391 4257; x_wconf 86' lang='lat' dir='ltr'><strong>clavis</strong></span> <span class='ocrx_word' id='word_1_253' title='bbox 1404 4206 1602 4259; x_wconf 81' lang='lat' dir='ltr'><strong>firmari</strong></span> 
     </span>
     <span class='ocr_line' id='line_1_51' title="bbox 539 4277 1602 4351; baseline 0.008 -22"><span class='ocrx_word' id='word_1_254' title='bbox 539 4277 764 4345; x_wconf 81' lang='lat' dir='ltr'><strong>calceos,</strong></span> <span class='ocrx_word' id='word_1_255' title='bbox 786 4293 915 4346; x_wconf 84' lang='lat' dir='ltr'><strong>quos</strong></span> <span class='ocrx_word' id='word_1_256' title='bbox 936 4280 1165 4348; x_wconf 78' lang='lat' dir='ltr'><strong>Carphia</strong></span> <span class='ocrx_word' id='word_1_257' title='bbox 1186 4283 1471 4351; x_wconf 86' lang='lat' dir='ltr'><strong>appellant.</strong></span> <span class='ocrx_word' id='word_1_258' title='bbox 1514 4284 1602 4337; x_wconf 84' lang='lat' dir='ltr'><strong>Ad</strong></span> 
     </span>
    </p>
   </div>
   <div class='ocr_carea' id='block_1_14' title="bbox 1661 1347 2748 4351">
    <p class='ocr_par' dir='ltr' id='par_1_19' title="bbox 1661 1347 2722 1484">
     <span class='ocr_line' id='line_1_52' title="bbox 1663 1347 2722 1412; baseline -0.009 -6"><span class='ocrx_word' id='word_1_259' title='bbox 1663 1354 1827 1407; x_wconf 81' lang='lat' dir='ltr'><strong>varios</strong></span> <span class='ocrx_word' id='word_1_260' title='bbox 1850 1354 1988 1405; x_wconf 88' lang='lat' dir='ltr'><strong>enim</strong></span> <span class='ocrx_word' id='word_1_261' title='bbox 2011 1367 2134 1404; x_wconf 88' lang='lat' dir='ltr'><strong>usus</strong></span> <span class='ocrx_word' id='word_1_262' title='bbox 2170 1349 2225 1401; x_wconf 90' lang='lat' dir='ltr'><strong>id</strong></span> <span class='ocrx_word' id='word_1_263' title='bbox 2253 1350 2380 1400; x_wconf 89' lang='lat' dir='ltr'><strong>utile</strong></span> <span class='ocrx_word' id='word_1_264' title='bbox 2413 1352 2529 1399; x_wconf 83' lang='lat' dir='ltr'><strong>est:</strong></span> <span class='ocrx_word' id='word_1_265' title='bbox 2565 1347 2722 1412; x_wconf 87' lang='lat' dir='ltr'><strong>inpri-</strong></span> 
     </span>
     <span class='ocr_line' id='line_1_53' title="bbox 1661 1427 2339 1484; baseline -0.01 0"><span class='ocrx_word' id='word_1_266' title='bbox 1661 1434 1757 1484; x_wconf 87' lang='lat' dir='ltr'><strong>mis</strong></span> <span class='ocrx_word' id='word_1_267' title='bbox 1782 1432 1847 1482; x_wconf 86' lang='lat' dir='ltr'><strong>ad</strong></span> <span class='ocrx_word' id='word_1_268' title='bbox 1870 1431 2059 1483; x_wconf 87' lang='lat' dir='ltr'><strong>itinera</strong></span> <span class='ocrx_word' id='word_1_269' title='bbox 2081 1427 2339 1481; x_wconf 80' lang='lat' dir='ltr'><strong>facienda.</strong></span> 
     </span>
    </p>

    <p class='ocr_par' dir='ltr' id='par_1_20' title="bbox 1663 1502 2738 2409">
     <span class='ocr_line' id='line_1_54' title="bbox 1730 1502 2729 1572; baseline -0.009 -13"><span class='ocrx_word' id='word_1_270' title='bbox 1730 1508 2024 1572; x_wconf 64' lang='lat' dir='ltr'><strong>Clutorium]</strong></span> <span class='ocrx_word' id='word_1_271' title='bbox 2083 1507 2274 1557; x_wconf 82' lang='lat' dir='ltr'><strong>Clavus</strong></span> <span class='ocrx_word' id='word_1_272' title='bbox 2322 1502 2590 1569; x_wconf 86' lang='lat' dir='ltr'><strong>palliolum</strong></span> <span class='ocrx_word' id='word_1_273' title='bbox 2633 1507 2729 1564; x_wconf 90' lang='lat' dir='ltr'><strong>est,</strong></span> 
     </span>
     <span class='ocr_line' id='line_1_55' title="bbox 1665 1576 2729 1651; baseline -0.011 -14"><span class='ocrx_word' id='word_1_274' title='bbox 1665 1588 1818 1651; x_wconf 80' lang='lat' dir='ltr'><strong>vulgo</strong></span> <span class='ocrx_word' id='word_1_275' title='bbox 1843 1587 2141 1650; x_wconf 76' lang='lat' dir='ltr'><strong>Roqaetum:</strong></span> <span class='ocrx_word' id='word_1_276' title='bbox 2170 1582 2291 1632; x_wconf 91' lang='lat' dir='ltr'><strong>hinc</strong></span> <span class='ocrx_word' id='word_1_277' title='bbox 2311 1579 2572 1631; x_wconf 63' lang='lat' dir='ltr'><strong>emerium</strong></span> <span class='ocrx_word' id='word_1_278' title='bbox 2589 1576 2729 1626; x_wconf 91' lang='lat' dir='ltr'><strong>dice-</strong></span> 
     </span>
     <span class='ocr_line' id='line_1_56' title="bbox 1664 1651 2730 1727; baseline -0.013 -13"><span class='ocrx_word' id='word_1_279' title='bbox 1664 1663 1818 1714; x_wconf 84' lang='lat' dir='ltr'><strong>batur</strong></span> <span class='ocrx_word' id='word_1_280' title='bbox 1840 1661 2060 1727; x_wconf 87' lang='lat' dir='ltr'><strong>pecunia</strong></span> <span class='ocrx_word' id='word_1_281' title='bbox 2087 1658 2348 1710; x_wconf 81' lang='lat' dir='ltr'><strong>destinata</strong></span> <span class='ocrx_word' id='word_1_282' title='bbox 2381 1654 2449 1706; x_wconf 88' lang='lat' dir='ltr'><strong>ad</strong></span> <span class='ocrx_word' id='word_1_283' title='bbox 2482 1651 2730 1705; x_wconf 87' lang='lat' dir='ltr'><strong>emendos</strong></span> 
     </span>
     <span class='ocr_line' id='line_1_57' title="bbox 1663 1727 2730 1801; baseline -0.012 -11"><span class='ocrx_word' id='word_1_284' title='bbox 1663 1737 1953 1790; x_wconf 86' lang='lat' dir='ltr'><strong>istiusmodi</strong></span> <span class='ocrx_word' id='word_1_285' title='bbox 1972 1738 2240 1801; x_wconf 83' lang='lat' dir='ltr'><strong>clavos,ut</strong></span> <span class='ocrx_word' id='word_1_286' title='bbox 2259 1730 2647 1796; x_wconf 62' lang='lat' dir='ltr'><strong>unguentarium,</strong></span> <span class='ocrx_word' id='word_1_287' title='bbox 2667 1727 2730 1778; x_wconf 86' lang='lat' dir='ltr'><strong>ad</strong></span> 
     </span>
     <span class='ocr_line' id='line_1_58' title="bbox 1668 1804 2731 1880; baseline -0.011 -13"><span class='ocrx_word' id='word_1_288' title='bbox 1668 1816 1889 1867; x_wconf 90' lang='lat' dir='ltr'><strong>emenda</strong></span> <span class='ocrx_word' id='word_1_289' title='bbox 1910 1819 2189 1880; x_wconf 80' lang='lat' dir='ltr'><strong>unguenta.</strong></span> <span class='ocrx_word' id='word_1_290' title='bbox 2258 1813 2432 1861; x_wconf 73' lang='lat' dir='ltr'><strong>Clavus</strong></span> <span class='ocrx_word' id='word_1_291' title='bbox 2452 1808 2591 1859; x_wconf 89' lang='lat' dir='ltr'><strong>enim</strong></span> <span class='ocrx_word' id='word_1_292' title='bbox 2625 1804 2731 1871; x_wconf 86' lang='lat' dir='ltr'><strong>pla-</strong></span> 
     </span>
     <span class='ocr_line' id='line_1_59' title="bbox 1667 1886 2732 1960; baseline -0.012 -14"><span class='ocrx_word' id='word_1_293' title='bbox 1667 1895 1788 1960; x_wconf 83' lang='lat' dir='ltr'><strong>gula</strong></span> <span class='ocrx_word' id='word_1_294' title='bbox 1809 1900 1910 1960; x_wconf 83' lang='lat' dir='ltr'><strong>est,</strong></span> <span class='ocrx_word' id='word_1_295' title='bbox 1939 1907 2058 1958; x_wconf 82' lang='lat' dir='ltr'><strong>quae</strong></span> <span class='ocrx_word' id='word_1_296' title='bbox 2094 1906 2162 1942; x_wconf 81' lang='lat' dir='ltr'><strong>ex</strong></span> <span class='ocrx_word' id='word_1_297' title='bbox 2197 1886 2512 1940; x_wconf 74' lang='lat' dir='ltr'><strong>humerisin</strong></span> <span class='ocrx_word' id='word_1_298' title='bbox 2546 1889 2732 1950; x_wconf 76' lang='lat' dir='ltr'><strong>pectus</strong></span> 
     </span>
     <span class='ocr_line' id='line_1_60' title="bbox 1669 1961 2737 2038; baseline -0.014 -14"><span class='ocrx_word' id='word_1_299' title='bbox 1669 1970 2049 2038; x_wconf 84' lang='lat' dir='ltr'><strong>propendebat,</strong></span> <span class='ocrx_word' id='word_1_300' title='bbox 2069 1974 2129 2019; x_wconf 89' lang='lat' dir='ltr'><strong>ut</strong></span> <span class='ocrx_word' id='word_1_301' title='bbox 2149 1966 2320 2030; x_wconf 67' lang='grc' dir='ltr'><strong>ἑπωμὶε</strong></span> <span class='ocrx_word' id='word_1_302' title='bbox 2340 1963 2481 2030; x_wconf 88' lang='lat' dir='ltr'><strong>apud</strong></span> <span class='ocrx_word' id='word_1_303' title='bbox 2499 1961 2737 2025; x_wconf 75' lang='lat' dir='ltr'><strong>Graecos,</strong></span> 
     </span>
     <span class='ocr_line' id='line_1_61' title="bbox 1670 2038 2736 2117; baseline -0.013 -16"><span class='ocrx_word' id='word_1_304' title='bbox 1670 2049 1811 2117; x_wconf 87' lang='lat' dir='ltr'><strong>quod</strong></span> <span class='ocrx_word' id='word_1_305' title='bbox 1844 2046 2133 2113; x_wconf 82' lang='lat' dir='ltr'><strong>tegumenti</strong></span> <span class='ocrx_word' id='word_1_306' title='bbox 2166 2059 2330 2111; x_wconf 76' lang='lat' dir='ltr'><strong>genus</strong></span> <span class='ocrx_word' id='word_1_307' title='bbox 2359 2038 2736 2106; x_wconf 64' lang='lat' dir='ltr'><strong>superhumerale</strong></span> 
     </span>
     <span class='ocr_line' id='line_1_62' title="bbox 1668 2114 2738 2189; baseline -0.016 -10"><span class='ocrx_word' id='word_1_308' title='bbox 1668 2133 1885 2179; x_wconf 83' lang='lat' dir='ltr'><strong>vocatur</strong></span> <span class='ocrx_word' id='word_1_309' title='bbox 1901 2123 2039 2189; x_wconf 86' lang='lat' dir='ltr'><strong>apud</strong></span> <span class='ocrx_word' id='word_1_310' title='bbox 2064 2116 2552 2187; x_wconf 80' lang='lat' dir='ltr'><strong>Hieronymum,ita</strong></span> <span class='ocrx_word' id='word_1_311' title='bbox 2570 2114 2738 2166; x_wconf 85' lang='lat' dir='ltr'><strong>Zona·</strong></span> 
     </span>
     <span class='ocr_line' id='line_1_63' title="bbox 1670 2194 2737 2258; baseline -0.013 -4"><span class='ocrx_word' id='word_1_312' title='bbox 1670 2220 1752 2255; x_wconf 87' lang='lat' dir='ltr'><strong>ras</strong></span> <span class='ocrx_word' id='word_1_313' title='bbox 1776 2217 1837 2254; x_wconf 77' lang='grc' dir='ltr'><strong>ιι.</strong></span> <span class='ocrx_word' id='word_1_314' title='bbox 1855 2203 1959 2253; x_wconf 83' lang='lat' dir='ltr'><strong>vol.</strong></span> <span class='ocrx_word' id='word_1_315' title='bbox 1984 2201 2129 2252; x_wconf 72' lang='lat' dir='ltr'><strong>Hist.</strong></span> <span class='ocrx_word' id='word_1_316' title='bbox 2149 2194 2585 2258; x_wconf 73' lang='grc' dir='ltr'><strong>καλοῦσιῬωμαῖοι</strong></span> <span class='ocrx_word' id='word_1_317' title='bbox 2605 2197 2737 2241; x_wconf 75' lang='grc' dir='ltr'><strong>Κλα-</strong></span> 
     </span>
     <span class='ocr_line' id='line_1_64' title="bbox 1667 2266 2736 2345; baseline -0.014 -14"><span class='ocrx_word' id='word_1_318' title='bbox 1667 2278 1857 2345; x_wconf 74' lang='grc' dir='ltr'><strong>βάριον;</strong></span> <span class='ocrx_word' id='word_1_319' title='bbox 1889 2282 2057 2328; x_wconf 71' lang='lat' dir='ltr'><strong>vocant</strong></span> <span class='ocrx_word' id='word_1_320' title='bbox 2078 2275 2285 2327; x_wconf 68' lang='lat' dir='ltr'><strong>Romani</strong></span> <span class='ocrx_word' id='word_1_321' title='bbox 2308 2270 2603 2325; x_wconf 60' lang='lat' dir='ltr'><strong>cinomiam.</strong></span> <span class='ocrx_word' id='word_1_322' title='bbox 2651 2266 2736 2318; x_wconf 82' lang='lat' dir='ltr'><strong>Sic</strong></span> 
     </span>
     <span class='ocr_line' id='line_1_65' title="bbox 1669 2355 2123 2409; baseline -0.009 0"><span class='ocrx_word' id='word_1_323' title='bbox 1669 2359 1806 2409; x_wconf 85' lang='lat' dir='ltr'><strong>Clar.</strong></span> <span class='ocrx_word' id='word_1_324' title='bbox 1865 2355 2123 2407; x_wconf 74' lang='lat' dir='ltr'><strong>Harlaeus.</strong></span> 
     </span>
    </p>

    <p class='ocr_par' dir='ltr' id='par_1_21' title="bbox 1665 2422 2744 3179">
     <span class='ocr_line' id='line_1_66' title="bbox 1736 2422 2736 2485; baseline -0.011 0"><span class='ocrx_word' id='word_1_325' title='bbox 1736 2434 1843 2485; x_wconf 83' lang='lat' dir='ltr'><strong>Sed</strong></span> <span class='ocrx_word' id='word_1_326' title='bbox 1863 2447 1965 2484; x_wconf 84' lang='lat' dir='ltr'><strong>non</strong></span> <span class='ocrx_word' id='word_1_327' title='bbox 1987 2431 2137 2483; x_wconf 83' lang='lat' dir='ltr'><strong>video</strong></span> <span class='ocrx_word' id='word_1_328' title='bbox 2167 2429 2252 2482; x_wconf 90' lang='lat' dir='ltr'><strong>cui</strong></span> <span class='ocrx_word' id='word_1_329' title='bbox 2274 2427 2390 2480; x_wconf 89' lang='lat' dir='ltr'><strong>usui</strong></span> <span class='ocrx_word' id='word_1_330' title='bbox 2427 2425 2594 2479; x_wconf 82' lang='lat' dir='ltr'><strong>fuerit</strong></span> <span class='ocrx_word' id='word_1_331' title='bbox 2612 2422 2736 2478; x_wconf 88' lang='lat' dir='ltr'><strong>illud</strong></span> 
     </span>
     <span class='ocr_line' id='line_1_67' title="bbox 1674 2500 2736 2575; baseline -0.012 -12"><span class='ocrx_word' id='word_1_332' title='bbox 1674 2512 1832 2563; x_wconf 88' lang='lat' dir='ltr'><strong>breve</strong></span> <span class='ocrx_word' id='word_1_333' title='bbox 1855 2518 2064 2575; x_wconf 81' lang='lat' dir='ltr'><strong>tegmen</strong></span> <span class='ocrx_word' id='word_1_334' title='bbox 2095 2504 2362 2571; x_wconf 85' lang='lat' dir='ltr'><strong>militibus,</strong></span> <span class='ocrx_word' id='word_1_335' title='bbox 2385 2517 2603 2569; x_wconf 88' lang='lat' dir='ltr'><strong>quorum</strong></span> <span class='ocrx_word' id='word_1_336' title='bbox 2623 2500 2736 2551; x_wconf 85' lang='lat' dir='ltr'><strong>bra·</strong></span> 
     </span>
     <span class='ocr_line' id='line_1_68' title="bbox 1673 2578 2739 2646; baseline -0.011 -7"><span class='ocrx_word' id='word_1_337' title='bbox 1673 2588 1788 2646; x_wconf 82' lang='lat' dir='ltr'><strong>chia</strong></span> <span class='ocrx_word' id='word_1_338' title='bbox 1825 2595 1882 2639; x_wconf 90' lang='lat' dir='ltr'><strong>et</strong></span> <span class='ocrx_word' id='word_1_339' title='bbox 1917 2600 2062 2636; x_wconf 79' lang='lat' dir='ltr'><strong>arma</strong></span> <span class='ocrx_word' id='word_1_340' title='bbox 2095 2583 2355 2635; x_wconf 81' lang='lat' dir='ltr'><strong>liberrima</strong></span> <span class='ocrx_word' id='word_1_341' title='bbox 2393 2595 2507 2631; x_wconf 81' lang='lat' dir='ltr'><strong>esse</strong></span> <span class='ocrx_word' id='word_1_342' title='bbox 2547 2578 2739 2630; x_wconf 86' lang='lat' dir='ltr'><strong>debue-</strong></span> 
     </span>
     <span class='ocr_line' id='line_1_69' title="bbox 1674 2654 2744 2724; baseline -0.009 -10"><span class='ocrx_word' id='word_1_343' title='bbox 1674 2671 1812 2715; x_wconf 86' lang='lat' dir='ltr'><strong>runt.</strong></span> <span class='ocrx_word' id='word_1_344' title='bbox 1880 2662 1996 2714; x_wconf 87' lang='lat' dir='ltr'><strong>Nisi</strong></span> <span class='ocrx_word' id='word_1_345' title='bbox 2031 2661 2172 2712; x_wconf 88' lang='lat' dir='ltr'><strong>forte</strong></span> <span class='ocrx_word' id='word_1_346' title='bbox 2205 2657 2504 2724; x_wconf 81' lang='lat' dir='ltr'><strong>intelligant</strong></span> <span class='ocrx_word' id='word_1_347' title='bbox 2531 2654 2744 2724; x_wconf 87' lang='lat' dir='ltr'><strong>paluda-</strong></span> 
     </span>
     <span class='ocr_line' id='line_1_70' title="bbox 1673 2732 2742 2804; baseline -0.01 -13"><span class='ocrx_word' id='word_1_348' title='bbox 1673 2748 1929 2804; x_wconf 87' lang='lat' dir='ltr'><strong>mentum,</strong></span> <span class='ocrx_word' id='word_1_349' title='bbox 1952 2743 2061 2789; x_wconf 76' lang='lat' dir='ltr'><strong>¹aut</strong></span> <span class='ocrx_word' id='word_1_350' title='bbox 2096 2736 2315 2787; x_wconf 82' lang='lat' dir='ltr'><strong>ferinam</strong></span> <span class='ocrx_word' id='word_1_351' title='bbox 2351 2734 2496 2785; x_wconf 88' lang='lat' dir='ltr'><strong>illam</strong></span> <span class='ocrx_word' id='word_1_352' title='bbox 2532 2732 2742 2798; x_wconf 86' lang='lat' dir='ltr'><strong>pellem,</strong></span> 
     </span>
     <span class='ocr_line' id='line_1_71' title="bbox 1673 2810 2742 2885; baseline -0.011 -15"><span class='ocrx_word' id='word_1_353' title='bbox 1673 2834 1775 2885; x_wconf 87' lang='lat' dir='ltr'><strong>qua</strong></span> <span class='ocrx_word' id='word_1_354' title='bbox 1810 2817 1923 2870; x_wconf 84' lang='lat' dir='ltr'><strong>fere</strong></span> <span class='ocrx_word' id='word_1_355' title='bbox 1963 2832 2019 2868; x_wconf 82' lang='lat' dir='ltr'><strong>se</strong></span> <span class='ocrx_word' id='word_1_356' title='bbox 2065 2814 2317 2881; x_wconf 80' lang='lat' dir='ltr'><strong>tegebant</strong></span> <span class='ocrx_word' id='word_1_357' title='bbox 2348 2810 2450 2863; x_wconf 81' lang='lat' dir='ltr'><strong>viri</strong></span> <span class='ocrx_word' id='word_1_358' title='bbox 2493 2810 2742 2862; x_wconf 78' lang='lat' dir='ltr'><strong>militares</strong></span> 
     </span>
     <span class='ocr_line' id='line_1_72' title="bbox 1675 2889 2743 2950; baseline -0.009 -2"><span class='ocrx_word' id='word_1_359' title='bbox 1675 2897 1910 2950; x_wconf 87' lang='lat' dir='ltr'><strong>Romani.</strong></span> <span class='ocrx_word' id='word_1_360' title='bbox 1941 2897 2069 2947; x_wconf 82' lang='lat' dir='ltr'><strong>Tac.</strong></span> <span class='ocrx_word' id='word_1_361' title='bbox 2092 2894 2161 2945; x_wconf 94' lang='lat' dir='ltr'><strong>de</strong></span> <span class='ocrx_word' id='word_1_362' title='bbox 2197 2891 2543 2944; x_wconf 80' lang='lat' dir='ltr'><strong>Germanico:</strong></span> <span class='ocrx_word' id='word_1_363' title='bbox 2578 2889 2596 2919; x_wconf 85' lang='lat'>‘</span> <span class='ocrx_word' id='word_1_364' title='bbox 2618 2902 2743 2939; x_wconf 89' lang='lat' dir='ltr'><strong>con-</strong></span> 
     </span>
     <span class='ocr_line' id='line_1_73' title="bbox 1674 2966 2744 3034; baseline -0.009 -9"><span class='ocrx_word' id='word_1_365' title='bbox 1674 2980 1848 3026; x_wconf 88' lang='lat' dir='ltr'><strong>tectus</strong></span> <span class='ocrx_word' id='word_1_366' title='bbox 1866 2974 2108 3024; x_wconf 86' lang='lat' dir='ltr'><strong>humeros</strong></span> <span class='ocrx_word' id='word_1_367' title='bbox 2131 2969 2301 3021; x_wconf 80' lang='lat' dir='ltr'><strong>ferina</strong></span> <span class='ocrx_word' id='word_1_368' title='bbox 2321 2969 2481 3034; x_wconf 85' lang='lat' dir='ltr'><strong>pelle,</strong></span> <span class='ocrx_word' id='word_1_369' title='bbox 2503 2966 2619 3017; x_wconf 90' lang='lat' dir='ltr'><strong>adit</strong></span> <span class='ocrx_word' id='word_1_370' title='bbox 2634 2980 2744 3016; x_wconf 85' lang='lat' dir='ltr'><strong>cas·</strong></span> 
     </span>
     <span class='ocr_line' id='line_1_74' title="bbox 1673 3042 2741 3102; baseline -0.008 0"><span class='ocrx_word' id='word_1_371' title='bbox 1673 3058 1873 3102; x_wconf 88' lang='lat' dir='ltr'><strong>trorum</strong></span> <span class='ocrx_word' id='word_1_372' title='bbox 1891 3050 2038 3101; x_wconf 70' lang='lat' dir='ltr'><strong>vias:</strong></span> <span class='ocrx_word' id='word_1_373' title='bbox 2090 3049 2214 3101; x_wconf 86' lang='lat' dir='ltr'><strong>Non</strong></span> <span class='ocrx_word' id='word_1_374' title='bbox 2229 3053 2348 3098; x_wconf 85' lang='lat' dir='ltr'><strong>erat</strong></span> <span class='ocrx_word' id='word_1_375' title='bbox 2371 3054 2548 3097; x_wconf 85' lang='lat' dir='ltr'><strong>tamen</strong></span> <span class='ocrx_word' id='word_1_376' title='bbox 2565 3042 2741 3095; x_wconf 77' lang='lat' dir='ltr'><strong>brevis</strong></span> 
     </span>
     <span class='ocr_line' id='line_1_75' title="bbox 1665 3128 2377 3179; baseline -0.004 0"><span class='ocrx_word' id='word_1_377' title='bbox 1665 3129 1763 3179; x_wconf 77' lang='lat' dir='ltr'><strong>me</strong></span> <span class='ocrx_word' id='word_1_378' title='bbox 1792 3128 2027 3179; x_wconf 85' lang='lat' dir='ltr'><strong>amictus.</strong></span> <span class='ocrx_word' id='word_1_379' title='bbox 2372 3158 2377 3162; x_wconf 94' lang='lat'>-</span> 
     </span>
    </p>

    <p class='ocr_par' dir='ltr' id='par_1_22' title="bbox 1674 3197 2747 4118">
     <span class='ocr_line' id='line_1_76' title="bbox 1739 3197 2744 3269; baseline -0.009 -13"><span class='ocrx_word' id='word_1_380' title='bbox 1739 3205 1943 3268; x_wconf 84' lang='lat' dir='ltr'><strong>Potius,</strong></span> <span class='ocrx_word' id='word_1_381' title='bbox 1983 3208 2130 3269; x_wconf 91' lang='lat' dir='ltr'><strong>puto,</strong></span> <span class='ocrx_word' id='word_1_382' title='bbox 2165 3199 2425 3252; x_wconf 76' lang='lat' dir='ltr'><strong>clavarium</strong></span> <span class='ocrx_word' id='word_1_383' title='bbox 2467 3197 2671 3250; x_wconf 87' lang='lat' dir='ltr'><strong>dictum</strong></span> <span class='ocrx_word' id='word_1_384' title='bbox 2712 3211 2744 3247; x_wconf 83' lang='lat' dir='ltr'><strong>a</strong></span> 
     </span>
     <span class='ocr_line' id='line_1_77' title="bbox 1675 3275 2747 3347; baseline -0.006 -15"><span class='ocrx_word' id='word_1_385' title='bbox 1675 3281 1834 3346; x_wconf 78' lang='lat' dir='ltr'><strong>clavis</strong></span> <span class='ocrx_word' id='word_1_386' title='bbox 1848 3279 2180 3347; x_wconf 83' lang='lat' dir='ltr'><strong>caligaribus,</strong></span> <span class='ocrx_word' id='word_1_387' title='bbox 2196 3277 2382 3343; x_wconf 83' lang='lat' dir='ltr'><strong>quibus</strong></span> <span class='ocrx_word' id='word_1_388' title='bbox 2396 3275 2622 3327; x_wconf 80' lang='lat' dir='ltr'><strong>maxime</strong></span> <span class='ocrx_word' id='word_1_389' title='bbox 2638 3289 2747 3327; x_wconf 83' lang='lat' dir='ltr'><strong>mn·</strong></span> 
     </span>
     <span class='ocr_line' id='line_1_78' title="bbox 1674 3355 2743 3420; baseline -0.005 -10"><span class='ocrx_word' id='word_1_390' title='bbox 1674 3358 1919 3410; x_wconf 86' lang='lat' dir='ltr'><strong>niebatur</strong></span> <span class='ocrx_word' id='word_1_391' title='bbox 1932 3358 2139 3409; x_wconf 87' lang='lat' dir='ltr'><strong>calceus</strong></span> <span class='ocrx_word' id='word_1_392' title='bbox 2152 3355 2572 3420; x_wconf 81' lang='lat' dir='ltr'><strong>manipularium.</strong></span> <span class='ocrx_word' id='word_1_393' title='bbox 2607 3355 2743 3406; x_wconf 84' lang='lat' dir='ltr'><strong>Nam</strong></span> 
     </span>
     <span class='ocr_line' id='line_1_79' title="bbox 1675 3432 2742 3497; baseline -0.004 -11"><span class='ocrx_word' id='word_1_394' title='bbox 1675 3438 1749 3487; x_wconf 84' lang='lat' dir='ltr'><strong>sic</strong></span> <span class='ocrx_word' id='word_1_395' title='bbox 1771 3435 1966 3487; x_wconf 86' lang='lat' dir='ltr'><strong>firmius</strong></span> <span class='ocrx_word' id='word_1_396' title='bbox 2003 3434 2157 3485; x_wconf 89' lang='lat' dir='ltr'><strong>stetit</strong></span> <span class='ocrx_word' id='word_1_397' title='bbox 2192 3434 2341 3484; x_wconf 86' lang='lat' dir='ltr'><strong>miles</strong></span> <span class='ocrx_word' id='word_1_398' title='bbox 2369 3433 2424 3483; x_wconf 88' lang='lat' dir='ltr'><strong>in</strong></span> <span class='ocrx_word' id='word_1_399' title='bbox 2446 3434 2669 3497; x_wconf 84' lang='lat' dir='ltr'><strong>itinere,&#39;</strong></span> <span class='ocrx_word' id='word_1_400' title='bbox 2690 3432 2742 3483; x_wconf 90' lang='lat' dir='ltr'><strong>in</strong></span> 
     </span>
     <span class='ocr_line' id='line_1_80' title="bbox 1676 3511 2742 3579; baseline -0.001 -16"><span class='ocrx_word' id='word_1_401' title='bbox 1676 3514 1900 3579; x_wconf 78' lang='lat' dir='ltr'><strong>agmine,</strong></span> <span class='ocrx_word' id='word_1_402' title='bbox 1922 3515 1972 3564; x_wconf 90' lang='lat' dir='ltr'><strong>in</strong></span> <span class='ocrx_word' id='word_1_403' title='bbox 1990 3512 2124 3576; x_wconf 83' lang='lat' dir='ltr'><strong>acie,</strong></span> <span class='ocrx_word' id='word_1_404' title='bbox 2146 3512 2197 3562; x_wconf 92' lang='lat' dir='ltr'><strong>in</strong></span> <span class='ocrx_word' id='word_1_405' title='bbox 2218 3512 2438 3577; x_wconf 80' lang='lat' dir='ltr'><strong>praelio;</strong></span> <span class='ocrx_word' id='word_1_406' title='bbox 2469 3511 2635 3564; x_wconf 82' lang='lat' dir='ltr'><strong>habes</strong></span> <span class='ocrx_word' id='word_1_407' title='bbox 2658 3527 2742 3563; x_wconf 86' lang='lat' dir='ltr'><strong>ex·</strong></span> 
     </span>
     <span class='ocr_line' id='line_1_81' title="bbox 1675 3586 2743 3657; baseline -0.004 -16"><span class='ocrx_word' id='word_1_408' title='bbox 1675 3591 1902 3657; x_wconf 88' lang='lat' dir='ltr'><strong>emplum</strong></span> <span class='ocrx_word' id='word_1_409' title='bbox 1921 3589 1974 3640; x_wconf 89' lang='lat' dir='ltr'><strong>in</strong></span> <span class='ocrx_word' id='word_1_410' title='bbox 1992 3589 2239 3656; x_wconf 72' lang='lat' dir='ltr'><strong>Josepho.</strong></span> <span class='ocrx_word' id='word_1_411' title='bbox 2270 3589 2372 3638; x_wconf 88' lang='lat' dir='ltr'><strong>Vel</strong></span> <span class='ocrx_word' id='word_1_412' title='bbox 2394 3587 2461 3638; x_wconf 89' lang='lat' dir='ltr'><strong>ab</strong></span> <span class='ocrx_word' id='word_1_413' title='bbox 2485 3589 2660 3655; x_wconf 88' lang='lat' dir='ltr'><strong>aliquo</strong></span> <span class='ocrx_word' id='word_1_414' title='bbox 2682 3586 2743 3638; x_wconf 80' lang='lat' dir='ltr'><strong>si-</strong></span> 
     </span>
     <span class='ocr_line' id='line_1_82' title="bbox 1676 3664 2742 3731; baseline -0.002 -15"><span class='ocrx_word' id='word_1_415' title='bbox 1676 3667 1784 3717; x_wconf 88' lang='lat' dir='ltr'><strong>mili</strong></span> <span class='ocrx_word' id='word_1_416' title='bbox 1808 3667 1955 3731; x_wconf 87' lang='lat' dir='ltr'><strong>joco,</strong></span> <span class='ocrx_word' id='word_1_417' title='bbox 1990 3671 2046 3715; x_wconf 86' lang='lat' dir='ltr'><strong>et</strong></span> <span class='ocrx_word' id='word_1_418' title='bbox 2084 3664 2293 3715; x_wconf 86' lang='lat' dir='ltr'><strong>facetiis</strong></span> <span class='ocrx_word' id='word_1_419' title='bbox 2315 3664 2648 3730; x_wconf 81' lang='lat' dir='ltr'><strong>militaribus,</strong></span> <span class='ocrx_word' id='word_1_420' title='bbox 2672 3665 2742 3714; x_wconf 87' lang='lat' dir='ltr'><strong>sic</strong></span> 
     </span>
     <span class='ocr_line' id='line_1_83' title="bbox 1677 3737 2744 3807; baseline -0.001 -15"><span class='ocrx_word' id='word_1_421' title='bbox 1677 3742 2062 3792; x_wconf 86' lang='lat' dir='ltr'><strong>denominatum</strong></span> <span class='ocrx_word' id='word_1_422' title='bbox 2109 3741 2400 3805; x_wconf 68' lang='lat' dir='ltr'><strong>cte-varim,</strong></span> <span class='ocrx_word' id='word_1_423' title='bbox 2441 3737 2580 3791; x_wconf 80' lang='lat' dir='ltr'><strong>forte</strong></span> <span class='ocrx_word' id='word_1_424' title='bbox 2627 3747 2744 3807; x_wconf 87' lang='lat' dir='ltr'><strong>post</strong></span> 
     </span>
     <span class='ocr_line' id='line_1_84' title="bbox 1677 3816 2743 3883; baseline 0 -14"><span class='ocrx_word' id='word_1_425' title='bbox 1677 3818 2072 3869; x_wconf 83' lang='lat' dir='ltr'><strong>necessitatem:</strong></span> <span class='ocrx_word' id='word_1_426' title='bbox 2095 3816 2235 3883; x_wconf 91' lang='lat' dir='ltr'><strong>quod</strong></span> <span class='ocrx_word' id='word_1_427' title='bbox 2250 3823 2426 3867; x_wconf 85' lang='lat' dir='ltr'><strong>tamen</strong></span> <span class='ocrx_word' id='word_1_428' title='bbox 2442 3817 2743 3869; x_wconf 78' lang='lat' dir='ltr'><strong>donativum</strong></span> 
     </span>
     <span class='ocr_line' id='line_1_85' title="bbox 1677 3894 2745 3959; baseline 0.001 -14"><span class='ocrx_word' id='word_1_429' title='bbox 1677 3895 1845 3945; x_wconf 84' lang='lat' dir='ltr'><strong>acrius</strong></span> <span class='ocrx_word' id='word_1_430' title='bbox 1874 3894 2202 3959; x_wconf 84' lang='lat' dir='ltr'><strong>repetebant,</strong></span> <span class='ocrx_word' id='word_1_431' title='bbox 2235 3907 2494 3946; x_wconf 86' lang='lat' dir='ltr'><strong>armorum</strong></span> <span class='ocrx_word' id='word_1_432' title='bbox 2514 3895 2745 3946; x_wconf 81' lang='lat' dir='ltr'><strong>civilium</strong></span> 
     </span>
     <span class='ocr_line' id='line_1_86' title="bbox 1675 3971 2744 4039; baseline -0.006 -14"><span class='ocrx_word' id='word_1_433' title='bbox 1675 3975 1912 4035; x_wconf 82' lang='lat' dir='ltr'><strong>licentia,</strong></span> <span class='ocrx_word' id='word_1_434' title='bbox 1956 3979 2015 4023; x_wconf 90' lang='lat' dir='ltr'><strong>ut</strong></span> <span class='ocrx_word' id='word_1_435' title='bbox 2053 3972 2142 4038; x_wconf 90' lang='lat' dir='ltr'><strong>qui</strong></span> <span class='ocrx_word' id='word_1_436' title='bbox 2186 3973 2301 4036; x_wconf 88' lang='lat' dir='ltr'><strong>jam</strong></span> <span class='ocrx_word' id='word_1_437' title='bbox 2335 3971 2477 4022; x_wconf 88' lang='lat' dir='ltr'><strong>forte</strong></span> <span class='ocrx_word' id='word_1_438' title='bbox 2517 3989 2646 4039; x_wconf 77' lang='lat' dir='ltr'><strong>opes</strong></span> <span class='ocrx_word' id='word_1_439' title='bbox 2687 3981 2744 4025; x_wconf 80' lang='lat' dir='ltr'><strong>et</strong></span> 
     </span>
     <span class='ocr_line' id='line_1_87' title="bbox 1678 4048 2743 4118; baseline 0 -16"><span class='ocrx_word' id='word_1_440' title='bbox 1678 4052 1910 4118; x_wconf 76' lang='lat' dir='ltr'><strong>praedam</strong></span> <span class='ocrx_word' id='word_1_441' title='bbox 1924 4051 2323 4101; x_wconf 84' lang='lat' dir='ltr'><strong>Cremonensem</strong></span> <span class='ocrx_word' id='word_1_442' title='bbox 2345 4048 2743 4115; x_wconf 82' lang='lat' dir='ltr'><strong>dilapidassent.</strong></span> 
     </span>
    </p>

    <p class='ocr_par' dir='ltr' id='par_1_23' title="bbox 1678 4125 2748 4351">
     <span class='ocr_line' id='line_1_88' title="bbox 1745 4125 2744 4192; baseline 0 -14"><span class='ocrx_word' id='word_1_443' title='bbox 1745 4125 2040 4192; x_wconf 75' lang='lat' dir='ltr'><strong>clavarium]</strong></span> <span class='ocrx_word' id='word_1_444' title='bbox 2079 4128 2194 4191; x_wconf 83' lang='lat' dir='ltr'><strong>Ego</strong></span> <span class='ocrx_word' id='word_1_445' title='bbox 2223 4132 2407 4192; x_wconf 90' lang='lat' dir='ltr'><strong>putem</strong></span> <span class='ocrx_word' id='word_1_446' title='bbox 2442 4126 2744 4179; x_wconf 80' lang='lat' dir='ltr'><strong>donativum</strong></span> 
     </span>
     <span class='ocr_line' id='line_1_89' title="bbox 1680 4203 2748 4271; baseline -0.001 -15"><span class='ocrx_word' id='word_1_447' title='bbox 1680 4221 1812 4271; x_wconf 82' lang='lat' dir='ltr'><strong>esse,</strong></span> <span class='ocrx_word' id='word_1_448' title='bbox 1824 4206 1966 4255; x_wconf 90' lang='lat' dir='ltr'><strong>velut</strong></span> <span class='ocrx_word' id='word_1_449' title='bbox 1985 4204 2037 4254; x_wconf 85' lang='lat' dir='ltr'><strong>iu</strong></span> <span class='ocrx_word' id='word_1_450' title='bbox 2059 4203 2235 4254; x_wconf 55' lang='lat' dir='ltr'><strong>clavo&amp;</strong></span> <span class='ocrx_word' id='word_1_451' title='bbox 2255 4203 2539 4267; x_wconf 71' lang='lat' dir='ltr'><strong>caligarum</strong></span> <span class='ocrx_word' id='word_1_452' title='bbox 2560 4203 2748 4255; x_wconf 81' lang='lat' dir='ltr'><strong>milita·</strong></span> 
     </span>
     <span class='ocr_line' id='line_1_90' title="bbox 1678 4280 2745 4351; baseline -0.002 -15"><span class='ocrx_word' id='word_1_453' title='bbox 1678 4283 1830 4351; x_wconf 82' lang='lat' dir='ltr'><strong>rium,</strong></span> <span class='ocrx_word' id='word_1_454' title='bbox 1863 4280 2157 4351; x_wconf 62' lang='lat' dir='ltr'><strong>prasertim</strong></span> <span class='ocrx_word' id='word_1_455' title='bbox 2175 4293 2294 4338; x_wconf 84' lang='lat' dir='ltr'><strong>cum</strong></span> <span class='ocrx_word' id='word_1_456' title='bbox 2316 4281 2516 4336; x_wconf 82' lang='lat' dir='ltr'><strong>scribat</strong></span> <span class='ocrx_word' id='word_1_457' title='bbox 2548 4281 2745 4350; x_wconf 67' lang='lat' dir='ltr'><strong>Satyri·</strong></span> 
     </span>
    </p>
   </div>
   <div class='ocr_carea' id='block_1_15' title="bbox 2981 1060 2992 2034">
    <p class='ocr_par' dir='ltr' id='par_1_24' title="bbox 2981 1060 2992 2034">
     <span class='ocr_line' id='line_1_91' title="bbox 2981 1060 2992 2034; baseline 0 0"><span class='ocrx_word' id='word_1_458' title='bbox 2981 1060 2992 2034; x_wconf 95' lang='lat' dir='ltr'><strong> </strong></span> 
     </span>
    </p>
   </div>
   <div class='ocr_carea' id='block_1_16' title="bbox 2982 2305 2996 3362">
    <p class='ocr_par' dir='ltr' id='par_1_25' title="bbox 2982 2305 2996 3362">
     <span class='ocr_line' id='line_1_92' title="bbox 2982 2305 2996 3362; baseline 0 0"><span class='ocrx_word' id='word_1_459' title='bbox 2982 2305 2996 3362; x_wconf 95' lang='lat' dir='ltr'><strong> </strong></span> 
     </span>
    </p>
   </div>
   <div class='ocr_carea' id='block_1_17' title="bbox 2985 3767 2992 4279">
    <p class='ocr_par' dir='ltr' id='par_1_26' title="bbox 2985 3767 2992 4279">
     <span class='ocr_line' id='line_1_93' title="bbox 2985 3767 2992 4279; baseline 0 0"><span class='ocrx_word' id='word_1_460' title='bbox 2985 3767 2992 4279; x_wconf 95' lang='lat' dir='ltr'><strong> </strong></span> 
     </span>
    </p>
   </div>
  </div>
 </body>
</html>
