3050 4917
941 918 1062 1014 C.
1120 908 1796 1011 CORNELII
1868 904 2330 1004 TACITI
2369 1000 2378 1007 .

556 1178 2701 1431 ‘HISTORCIARUM

1196 1587 1532 1666 LIBER
1572 1585 2107 1675 QUARTUS.

1174 2089 1805 2158 BREVIARIUM
1849 2088 2146 2157 LIBRI.
2235 2064 2240 2069 ’

643 2270 823 2336 CAP.
867 2271 931 2335 1.
976 2270 1329 2335 Interfecto
1377 2268 1673 2348 Vitellio,
1703 2269 1952 2334 milites
1999 2267 2311 2333 Flaviani
2337 2268 2407 2331 in
2434 2267 2598 2332 urbe
2639 2285 2762 2331 sae-

557 2375 772 2440 viunt.
860 2373 925 2438 2.
973 2373 1425 2451 DomitianuS‚
1472 2390 1710 2436 nomen
1764 2362 2123 2454 sedemque
2153 2368 2450 2434 Caesaris
2497 2375 2761 2447 nactus»,

559 2478 904 2543 adulteriis
960 2476 1170 2541 filium
1225 2474 1563 2561 Principis
1603 2476 1758 2558 agit.
1847 2473 1928 2538 L.
1984 2472 2303 2539 Vitellius
2358 2472 2761 2538 interficitur.

557 2581 625 2648 3.
671 2579 1039 2665 Campania
1090 2580 1486 2664 composita,
1524 2578 1957 2663 Vespasiano
1995 2570 2279 2642 Senatus
2329 2575 2765 2642 Consulatum

561 2704 716 2749 cum
741 2683 899 2749 Tito
924 2682 1086 2761 filio,
1117 2683 1484 2749 Praeturam
1512 2682 1896 2747 Domitiano
1914 2686 1979 2747 et
2007 2680 2370 2746 Consulare
2385 2680 2761 2764 imperium,

559 2785 873 2857 decernit.
961 2786 1024 2851 4.
1073 2784 1401 2865 Muciani,
1430 2783 1733 2864 Antonii,
1762 2777 2127 2849 ceterorum
2154 2784 2455 2849 honores.
2550 2781 2766 2848 Resti-

560 2889 790 2956 tuendi
844 2889 1147 2973 capitolii
1215 2889 1584 2954 consilium.
1681 2883 2001 2952 Libertati
2054 2887 2342 2952 consulit
2412 2886 2766 2952 Helvidius

565 2992 865 3070 Priscus,
898 2991 1091 3076 cujus
1178 2994 1243 3056 5.
1290 2990 1429 3056 vita
1448 2996 1515 3056 et
1541 3008 1784 3068 moreS,
1831 2989 2028 3056 6-8,
2076 2994 2140 3054 et
2169 3010 2322 3055 cum
2346 2990 2558 3075 Eprio
2590 2989 2768 3055 Mar-

564 3096 735 3160 cello
783 3115 938 3159 acre
972 3094 1267 3178 jurgium
1305 3093 1389 3158 de
1417 3093 1656 3177 legatis
1704 3093 1791 3159 ad
1839 3092 2221 3179 Principem
2247 3094 2614 3161 mittendiS.
2704 3096 2767 3161 9.

565 3196 675 3263 De
728 3198 1046 3281 impensis
1105 3197 1394 3281 publicis
1441 3197 1792 3265 dissensio.
1877 3199 1987 3264 10.
2034 3197 2388 3265 Musonius
2441 3198 2666 3264 Rufus
2707 3199 2771 3264 in

563 3298 652 3366 P.
710 3298 1007 3366 Celerem
1061 3301 1408 3366 invehitur.
1527 3302 1635 3368 ll.
1682 3301 2066 3382 Mucianus,
2123 3303 2354 3367 urbem
2411 3303 2769 3386 ingressnS,

567 3408 811 3468 cuncta
859 3404 930 3468 in
978 3424 1054 3469 se
1108 3404 1327 3484 trahit,
1373 3403 1572 3489 Calp.
1628 3404 2056 3471 Galerianum
2098 3405 2272 3472 caedi
2314 3411 2526 3485 curat,
2572 3403 2773 3473 Asia·-

562 3505 771 3571 ticum
797 3507 1107 3571 libertum
1132 3507 1355 3572 servili
1385 3492 1714 3593 supplicio
1740 3492 1929 3575 tollit.

653 3606 763 3672 12.
811 3606 1233 3674 Germanicae
1265 3609 1479 3675 cladis
1507 3611 1703 3679 fama.
1752 3611 1914 3698 Ejus
1942 3613 2101 3679 belli
2132 3632 2344 3678 causa
2371 3613 2439 3678 in
2470 3614 2773 3695 Batavis,

565 3713 673 3779 13.
721 3713 915 3778 Duce
963 3710 1253 3778 Claudio
1303 3713 1544 3779 Civile.
1630 3715 1914 3780 14-16.
1962 3716 2036 3781 Is
2083 3717 2410 3796 Batavos,
2452 3716 2775 3785 Cannine—

567 3817 759 3895 fates,
792 3815 1076 3894 FrisioS,
1108 3810 1381 3897 excitat,
1412 3821 1634 3882 statim
1660 3819 1839 3897 dolo,
1859 3840 2018 3886 mox
2038 3826 2271 3904 aperta
2302 3822 2392 3900 vi,
2426 3822 2774 3888 Romanos

568 3924 852 4004 superat.
941 3920 1052 3985 17.
1097 3918 1421 3987 Victoriae
1449 3923 1646 4008 hujus
1673 3925 1852 3989 fama
1879 3933 2080 3990 motae
2114 3924 2493 3990 Germaniae
2525 3926 2779 3991 auxilia

567 4020 843 4087 offerunt
888 4020 1118 4102 Civili,
1166 4023 1283 4108 qui
1340 4031 1404 4089 et
1450 4014 1820 4091 Galliarum
1874 4031 2256 4094 societatem
2287 4029 2578 4095 affectat.
2667 4031 2777 4099 18.

570 4122 945 4190 Hordeonii
975 4125 1208 4192 Flacci
1237 4129 1535 4212 segnitia.
1627 4130 1812 4197 Victi
1850 4132 2142 4198 Romani
2181 4134 2250 4198 in
2278 4132 2535 4198 Vetera
2562 4139 2778 4199 castra

566 4225 849 4325 iugiunt.
934 4228 1052 4297 19.
1095 4228 1503 4297 Batavorum
1530 4238 1599 4299 et
1648 4232 2175 4303 Canninefatium
2204 4236 2537 4318 cohortes,
2580 4235 2776 4324 jussu
