3050 4917
514 361 722 437 '¹287'ss

525 541 678 617 ·que
705 523 1032 596 Danubi?
1073 527 1223 611 ripa
1267 525 1733 611 potiebantur.-

1261 380 1327 429 Ο.
1373 371 1737 428 continui
1779 371 2038 423 vacivi

2435 376 2619 444 [AB.
2630 381 2752 431 ΒΩ.

1795 520 2083 607 Jamque
2128 523 2355 586 casm
2398 518 2752 605 legionum¹¹

522 632 941 700 'exscindere
967 623 1319 715 parabant,
1349 629 1420 690 ni
1451 626 1815 692 Mucianus
1856 629 2122 690 sextam
2170 620 2515 707 legionem*
2541 644 2752 710 oppo-

523 737 816 817 suisset,
847 732 1307 799 Cremonensis
1334 730 1636 796 victoriae
1673 749 1940 814 gnatae,
1982 748 2064 796 ac
2109 748 2194 792 ne
2226 733 2506 793 externa
2532 728 2754 794 molesJ

525 841 874 926 *utrimque
899 841 1249 922 ingrueret,
1299 837 1361 901 si
1393 835 1626 902 Dacus
1664 833 2170 917 Germanusque
2198 831 2447 899 diversi
2472 832 2753 917 irrupis-

533 949 718 1011 sent.

527 1046 939 1113 ·Mucianurn
994 1045 1302 1129 viresque
1377 1043 1675 1108 Orientis
1730 1043 1889 1107 illuc
1959 1041 2146 1106 urlit:

547 1169 766 1220 monae
820 1148 1078 1214 interim
1133 1146 1591 1231 transegimus.

806 942 1040 1021 Affuit‚
1085 948 1160 1008 ut
1215 960 1400 1026 saepe
1448 940 1646 1019 alias,
1699 938 1996 1003 Fortuna
2042 936 2290 1021 Populi
2342 935 2547 1001 Rom.
2599 939 2752 1020 quae

2235 1046 2305 1120 et
2341 1039 2551 1124 -quutl
2596 1036 2756 1104 Cre-

1684 1145 2004 1211 Fonteius
2055 1139 2385 1229 Agrippak
2438 1163 2530 1208 ex
2581 1140 2759 1209 Asia

527 1315 738 1405 :utrumq
737 1356 795 1392 ue
813 1341 1031 1391 Danubii
1050 1340 1188 1392 littus
1207 1340 1495 1390 insederant.
1560 1339 1763 1405 Jamque
1784 1338 1994 1402 hyberna
2021 1338 2259 1400 legionum
2277 1344 2485 1389 evertere
2502 1337 2759 1403 parabant,

545 1411 601 1459 ni
623 1408 874 1458 &cianus
894 1406 1132 1466 obiecisset
1152 1411 1334 1458 sextam
1354 1406 1600 1467 legionem,
1618 1410 1856 1468 comperta
1876 1406 2177 1454 Cremonensi
2195 1404 2415 1467 victoria,
2435 1420 2491 1453 ac
2520 1419 2578 1456 ne
2599 1409 2758 1458 exter-

529 1490 616 1528 „nn
632 1474 707 1523 uis
724 1472 961 1536 utrimque
979 1472 1286 1535 incumberet,
1320 1471 1366 1520 si
1387 1472 1555 1522 Dacus
1573 1476 1622 1520 et
1647 1471 1911 1520 Germanus
1931 1471 2116 1519 diversa
2132 1474 2247 1534 part

540 1539 691 1601 juvit,
700 1544 754 1587 ut
774 1553 894 1601 saepe
914 1537 1053 1600 altas,
1058 1536 1261 1599 fortuna
1281 1538 1437 1600 populi
1463 1536 1703 1596 Romani,-

2247 1485 2274 1519 e
2293 1469 2593 1546 invasissent.
2655 1470 2764 1522 Ad-

1735 1551 1838 1599 quoe
1864 1535 2141 1584 Mucianum
2161 1539 2207 1584 et
2229 1535 2388 1599 copias
2410 1534 2627 1586 Orientis
2647 1533 2762 1584 illue

547 1604 717 1654 duxit.-
749 1608 794 1654 et
812 1604 922 1668 quia
947 1603 1187 1653 cremonae
1218 1604 1398 1653 interea
1427 1601 1775 1653 debenavim.
1842 1601 2068 1651 Fonteius
2088 1600 2310 1666 Agrippa
2338 1605 2446 1665 poet
2466 1600 2657 1664 Asiam,
2679 1599 2759 1650 cui

1546 1765 1767 1820 NOTAE

533 1896 678 1949 'bant
710 1912 829 1947 suas
868 1899 1106 1948 cohortes
1138 1900 1285 1949 Rom.
1309 1902 1401 1948 aut
1424 1898 1610 1949 saltem

548 1974 802 2025 stationes
839 1974 1279 2046 intermiscebant,
1317 1980 1378 2025 ut
1418 1975 1611 2039 partim

548 2051 785 2114 Romani,
806 2052 994 2115 partim
1020 2051 1291 2101 auxiliares
1313 2058 1504 2102 essent.
1539 2053 1611 2102 Et

527 2127 623 2179 ‘sic
659 2128 886 2192 inspecti
906 2133 962 2178 et
983 2128 1227 2179 custoditi
1249 2129 1370 2194 ipsi,
1388 2130 1476 2195 qui
1497 2144 1608 2180 cus·

547 2203 836 2255 todiebant.

530 2287 538 2292 '
615 2280 735 2331 Non
753 2296 963 2346 prorsus
999 2297 1156 2348 arguo
1185 2298 1388 2334 sensum
1425 2284 1490 2332 de
1522 2298 1608 2333 co·

546 2359 782 2410 hortibus
819 2363 1132 2412 auxiliaribus
1162 2364 1276 2413 liic:
1316 2364 1405 2413 sed
1429 2362 1608 2412 verisi-

545 2436 669 2487 mile
704 2442 803 2499 est,
837 2436 995 2487 fuisse
1036 2445 1092 2488 et
1125 2439 1212 2487 hic
1251 2439 1485 2489 cohortes
1509 2437 1611 2489 Ro-

535 2525 724 2568 ·manas
767 2520 823 2564 et
866 2515 990 2578 alas,
1032 2529 1245 2580 quarum
1289 2514 1535 2580 praesidia
1578 2531 1610 2566 a

545 2588 789 2641 Barbaris
814 2600 1114 2654 expugnata
1148 2599 1285 2655 sunt,
1307 2591 1608 2657 priusquam

544 2672 720 2718 castra
736 2668 850 2732 ipsa
871 2669 1126 2732 legionum
1150 2670 1574 2734 aggrederentur.

609 2745 697 2795 Sic
721 2744 775 2794 in
799 2743 975 2808 Agric.
998 2750 1078 2796 41.
1099 2747 1184 2795 ubi
1209 2747 1274 2795 de
1298 2746 1478 2795 iisdem
1501 2746 1610 2795 Da·

545 2823 625 2876 cis
658 2823 863 2887 agitur:
898 2826 911 2851 ‘
935 2824 1034 2872 Tot
1067 2824 1318 2873 militares
1364 2824 1454 2873 viri
1491 2838 1608 2873 cum

533 2905 628 2952 *tot
663 2900 962 2951 cohortibus
1002 2902 1286 2964 expugnati
1330 2908 1386 2951 et
1426 2903 1604 2966 capti:

544 2992 644 3030 nec
676 2979 789 3043 jam
831 2977 896 3027 de
933 2980 1101 3028 limite
1142 2981 1345 3043 imperii
1374 2987 1429 3030 et
1473 2982 1607 3045 ripa,

542 3054 637 3106 sed
660 3056 726 3105 de
748 3056 990 3119 hybernis
1024 3057 1284 3120 legionum
1320 3066 1377 3108 et
1406 3074 1607 3122 posses-

537 3133 688 3183 ·sione
709 3132 1037 3183 dubitatum!
1109 3133 1187 3182 An
1228 3141 1284 3184 et
1321 3134 1608 3185 hicintelli·

545 3225 636 3275 gas
660 3210 1014 3259 ‹ie—cohortibus
1031 3211 1342 3260 auxiliarium
1367 3220 1566 3262 tantum
1587 3215 1604 3261 ?

535 3287 598 3337 id
638 3285 824 3336 falsum
852 3295 1058 3350 putem:
1098 3303 1160 3337 eo
1185 3304 1294 3338 aevo
1330 3291 1460 3339 alius
1480 3305 1605 3340 mos.

545 3366 664 3418 Nec
686 3365 891 3415 dubites
911 3367 976 3415 de
997 3381 1061 3415 ea
1079 3366 1303 3416 lectione
1325 3367 1503 3432 Agric.
1523 3371 1606 3418 41.

542 3444 833 3495 rectissima
878 3452 976 3507 est,
1016 3452 1075 3495 ut
1112 3445 1249 3494 clare
1292 3444 1610 3496 demonstra·

534 3531 656 3571 mus
679 3535 770 3570 suo
794 3521 924 3570 loco.

609 3596 628 3631 f
656 3598 924 3664 Hybernis]
959 3600 1090 3650 Quae
1125 3600 1371 3663 disposita
1393 3599 1528 3650 forte
1552 3601 1605 3650 in

542 3680 764 3741 utraque
798 3677 910 3738 ripa
942 3676 1198 3726 Danubii:
1235 3678 1416 3741 quibus
1437 3678 1605 3742 hyber-

539 3753 619 3802 nie
639 3754 960 3816 expugnatis,
972 3752 1084 3817 jam
1105 3753 1259 3804 facile
1288 3754 1606 3805 invadebant

535 3827 765 3878 *Barbari
791 3830 1041 3880 Moesiam.

535 3903 577 3916 ’⁶
608 3913 634 3948 Β
665 3905 902 3968 Danubii]
940 3906 1229 3968 Danubius,
1259 3905 1443 3954 fluvius
1475 3906 1606 3956 Ger-

542 3981 728 4030 maniae
754 3997 971 4042 magnae,
997 3984 1192 4046 lllyrici
1225 3985 1329 4032 late
1354 3985 1527 4046 sumti,
1550 3991 1606 4034 et

537 4055 810 4107 Sarmatiae
837 4059 1187 4122 Ettropaeae‚in
1208 4059 1432 4109 Pontum
1452 4062 1607 4109 Euxi-

532 4145 663 4184 num
703 4135 919 4184 labitur:
957 4138 1105 4185 bodie
1145 4139 1348 4187 Danauv
1383 4137 1606 4187 Allema·

535 4210 640 4274 his,
662 4213 859 4263 Danube
899 4215 1143 4263 Francis:
1180 4213 1298 4263 fluit
1335 4230 1430 4279 per
1459 4215 1605 4264 Alle-

535 4287 779 4354 mniam,
800 4295 856 4339 et
885 4289 1167 4340 Turcicum
1201 4291 1468 4357 imperium
1502 4292 1606 4342 Eu-

1692 1911 1942 1961 ropaeum,
1965 1896 2154 1947 deinde
2186 1910 2242 1946 se
2264 1900 2516 1947 exonerat
2536 1893 2591 1945 in
2611 1909 2760 1947 mare

1690 1975 1913 2039 Nigrum
1937 1988 2029 2024 seu
2054 1974 2247 2038 Majus.
2309 1973 2552 2023 Tillemon.
2726 1983 2731 1990 '

1753 2049 1779 2085 ¹²
1812 2054 1990 2101 Castra
2021 2050 2282 2114 legionum]
2312 2041 2453 2102 Qua}
2485 2055 2635 2100 certe
2666 2063 2764 2103 ex-

1687 2129 1924 2180 scindere
1958 2127 2110 2178 sacile
2143 2133 2447 2192 potuerunt,
2469 2141 2588 2177 cnm
2609 2127 2763 2179 abes-

1691 2211 1772 2257 set
1805 2206 1963 2256 robur
1990 2206 2218 2270 ipsarum
2256 2204 2550 2269 legionumt
2587 2205 2762 2270 etqui

1689 2282 1826 2334 forte
1862 2283 2034 2333 relicti
2064 2288 2216 2333 erant
2244 2282 2436 2332 milites
2459 2281 2764 2333 custodien-

1686 2362 1767 2412 dis
1802 2362 2009 2424 castris,
2044 2366 2224 2411 essent
2256 2374 2409 2409 senes
2434 2359 2670 2426 plerique
2702 2366 2763 2411 et

1689 2439 1920 2502 invalidi,
1957 2444 2046 2488 ant
2086 2437 2301 2501 tirones,
2338 2437 2426 2501 qui
2458 2429 2760 2501 praeliorum

1688 2517 1966 2579 inexperti.
2035 2515 2153 2565 Hoc
2177 2515 2412 2570 sciebant
2431 2514 2673 2565 Barbari.

1753 2591 1768 2625 ¹
1798 2593 2000 2644 Sextam
2031 2593 2285 2656 legionem]
2335 2593 2527 2656 Itaque
2559 2593 2763 2658 duplex

1687 2673 1785 2723 hoc
1816 2672 2021 2722 nomine
2043 2672 2198 2735 legio,
2216 2672 2385 2721 altera
2406 2670 2458 2719 in
2484 2671 2764 2736 Hispania,

1690 2750 1856 2800 altera
1898 2763 2013 2798 cum
2046 2749 2310 2818 Muciano,
2349 2761 2523 2813 quam
2533 2747 2764 2798 adduce-

1691 2825 1782 2876 bat
1795 2841 1867 2875 ex
1891 2826 2183 2888 Orientzl.
2203 2840 2267 2875 11
2285 2831 2369 2875 83.
2390 2826 2582 2888 ‘Legio
2605 2830 2762 2876 sexta

1689 2911 1746 2954 et
1783 2905 2032 2955 tredecim
2069 2904 2454 2954 vexillariorum
2491 2903 2653 2953 millia
2681 2903 2762 2953 in-

1688 2982 1830 3046 genti
1855 2982 2059 3045 agmine
2081 2980 2471 3046 sequebantur!
2726 3011 2735 3018 -

1749 3055 1767 3099 ³
1800 3059 2019 3110 Externa
2052 3059 2216 3123 moles]
2251 3058 2468 3107 Externi
2502 3057 2627 3107 belli
2651 3071 2761 3108 mo-

1752 3210 1776 3245 ¹‘
1814 3212 2034 3265 Fonteius
2073 3211 2312 3276 Agrippa]
2358 3211 2659 3262 Dissentire
2682 3211 2761 3262 vi-

1689 3289 1878 3339 dentur
1910 3290 2169 3355 Josephus
2204 3298 2258 3338 et
2290 3290 2502 3339 Tacitus
2536 3290 2636 3339 boc
2656 3287 2760 3339 bis-

1690 3369 1838 3417 toriae
1895 3369 2025 3417 loco.
2094 3367 2147 3416 Si
2195 3353 2459 3438 sequimur
2498 3367 2758 3428 Tacitum,

1689 3445 2003 3495 rebellarant
2020 3445 2169 3504 Daci,
2190 3453 2242 3492 et
2257 3444 2368 3508 jam
2394 3454 2614 3508 utraque
2640 3445 2759 3507 ripa

1687 3521 1917 3570 Danubii
1942 3520 2292 3584 potiebantur,
2308 3536 2423 3570 cum
2446 3536 2511 3569 ex
2529 3519 2757 3572 Oriente

1686 3597 1936 3646 advectus
1971 3598 2245 3646 Mucianus
2276 3597 2519 3661 opposuit
2551 3605 2755 3649 sextam

1686 3674 1961 3738 legionem,
1985 3675 2391 3737 compressitque
2415 3676 2692 3726 Barbaros.

1752 3752 1895 3802 Dein
1917 3748 2199 3798 festinante
2216 3750 2267 3798 in
2289 3751 2468 3799 urbem
2493 3752 2756 3816 Muciano,

1686 3827 1890 3875 ridetur
1921 3826 2121 3874 Moesiae
2158 3830 2467 3891 praepositus
2490 3828 2757 3893 Fonteius,

1682 3918 1870 3967 nempe
1897 3911 2012 3966 post
2034 3903 2294 3952 coercitos
2318 3918 2349 3952 a
2375 3904 2623 3953 Muciano
2643 3905 2750 3955 Da-

1685 3995 1792 4043 cos,
1815 3981 2138 4044 rejectosque
2156 3989 2305 4029 extra
2321 3981 2649 4044 Danubium,
2670 3983 2751 4033 vel

1684 4060 1842 4108 etiam
1878 4060 2027 4120 longe
2061 4059 2196 4109 ultra
2236 4059 2473 4144 Danubii
2464 4060 2754 4132 ripamal-

1684 4141 1868 4186 tet-aru.

1752 4214 1822 4262 Et
1856 4214 1899 4261 si
1934 4220 2054 4277 post
2075 4213 2382 4279 digressum,
2403 4221 2496 4264 ant
2516 4223 2642 4265 ame
2664 4214 2749 4264 ad-

1684 4296 1896 4342 ventum
1940 4291 2174 4344 Muciani
2208 4290 2514 4358 profligatus
2558 4307 2751 4344 caesus-
2826 4351 2835 4360 ‚
