3050 4917
2399 353 2577 439 'slas

357 527 778 610 compositas
806 529 1226 604 venerantum
1270 524 1316 590 J
1324 525 1499 589 ndaei
1546 533 1763 590 mente
1811 528 1959 592 sola
1999 537 2387 614 unumque¹²
2429 530 2579 597 Nu-

363 638 517 695 men
545 629 963 710 intelligunt·
1049 632 1069 661 ‘
1101 626 1476 704 profanos,
1502 630 1618 713 qui
1651 629 1872 694 Deum
1905 631 2228 713 imagines
2280 634 2577 698 mortali-

366 734 499 800 bus
529 733 826 797 materiis
868 733 940 796 in
968 734 1232 815 species
1254 733 1583 800 hominum
1614 734 1954 815 effingant:
2001 743 2377 798 summum¹³
2410 736 2578 802 illud

365 842 436 901 et
491 834 857 912 aeternum,¹‘
913 855 1126 920 neque
1176 836 1514 912 mutabile,
1561 857 1775 920 neque
1828 836 2278 903 interiturum.'

365 942 555 1006 nulla
583 942 935 1005 simulacra
963 939 1237 1008 urbibus
1268 938 1432 1014 suis,
1463 939 1704 1001 nedum
1736 941 2026 1022 templiS,
2059 941 2355 1004 sinunt.¹⁴
2422 940 2580 1007 Non

371 1042 674 1126 Regibus
714 1044 864 1107 haec
914 1042 1229 1118 adulatio,
1280 1061 1411 1105 non
1466 1040 1849 1109 Caesaribus
1895 1042 2123 1107 bonor.
2214 1043 2370 1121 Sed,
2421 1045 2583 1127 quia

357 1146 767 1211 Sacerdotes
843 1165 1070 1209 eorum
1140 1145 1306 1209 tibia
1379 1146 1848 1230 tympanisque
1923 1148 2380 1225 concinebant,
2459 1147 2581 1213 he·-

369 1249 1047 1326 derawinciebantur,
1092 1250 1380 1332 vitisque
1438 1268 1645 1312 aurea
1699 1250 1944 1332 templo
1989 1256 2267 1333 reperta,
2320 1254 2342 1284 ‘
2378 1250 2580 1315 Libe-

365 1366 465 1415 doei
485 1368 581 1414 solo
601 1367 775 1430 animo,
807 1365 1051 1430 Deumque
1073 1381 1216 1415 unum
1236 1370 1537 1427 cognoscem.
1604 1364 1800 1429 Impius
1833 1366 1938 1415 illos
1965 1382 2060 1416 esse
2094 1373 2284 1430 putant,
2316 1368 2404 1433 qui
2444 1367 2584 1419 Deo-

371 1445 485 1480 rum
527 1430 722 1491 effigies
747 1447 775 1480 e
813 1432 1111 1481 mortalibus
1147 1431 1374 1481 materiis
1409 1431 1463 1479 iu
1500 1431 1889 1480 similitudinem
1930 1433 2188 1481 hominum
2228 1432 2581 1485 conformentx

370 1509 668 1558 supremum
696 1497 821 1545 illud
846 1503 899 1544 et
922 1497 1307 1559 sempiternum,
1343 1509 1511 1560 neque
1537 1496 1804 1557 mutabile,
1838 1511 2003 1561 neque
2042 1501 2346 1560 periturum.
2414 1499 2584 1563 Itaque

368 1562 518 1610 πωπω
534 1561 764 1623 imagines
782 1563 833 1611 in
855 1561 1130 1611 civitatibus
1148 1561 1267 1622 suis,
1301 1563 1470 1611 nedum
1490 1561 1542 1609 in
1565 1561 1786 1623 delubris,
1818 1563 2046 1611 existunt.
2115 1563 2229 1612 Non
2253 1562 2464 1626 Regibus
2483 1565 2584 1614 hoee

369 1627 646 1687 assentatio,
676 1643 768 1676 non
804 1628 903 1675 hoc
943 1625 1313 1690 Imperator-ibus
1344 1627 1502 1675 decus.
1568 1626 1679 1690 Sed,
1712 1627 1824 1689 quia
1847 1627 2104 1693 Pontifices
2137 1643 2295 1678 emm
2316 1630 2493 1694 fistula
2526 1644 2586 1679 ae

372 1691 615 1757 tympanis
634 1693 876 1756 canebant,
893 1693 1150 1757 hederaque
1170 1690 1387 1742 redimiti
1408 1696 1563 1755 aaut,
1581 1698 1630 1742 et
1649 1692 1788 1742 vinea
1802 1707 1918 1742 auro
1938 1693 2090 1743 solida
2109 1693 2163 1743 in
2185 1694 2374 1744 delubro
2391 1693 2588 1747 inventa

356 381 418 446 J,
445 384 507 439 C.
529 381 640 449 w]
1058 377 1594 432 ms‘romARUM
1644 379 1789 430 Lm.
1834 380 1908 433 V.

1294 1860 1654 1881 θθθθθθθθθθθ

375 1923 437 1995 12
457 1945 701 2011 Ms.Reg.
715 1953 770 1996 et
782 1946 943 1997 editio
962 1944 1377 2010 princeps‚2mum
1388 1950 1575 1996 tantum
1587 1947 1920 1998 Numen—13
1946 1947 2010 1997 In
2024 1948 2126 1997 Ms.
2140 1947 2272 2011 Reg.
2286 1953 2343 1997 et
2356 1947 2585 2000 editione

374 2011 637 2075 principe,
678 2014 825 2062 solum
860 2012 979 2062 illud
1013 2017 1059 2062 et
1090 2016 1333 2060 <eternum
1402 2012 1556 2063 Quod
1595 2013 1722 2062 satis
1746 2014 1999 2077 placeret,
2021 2013 2072 2061 ni
2097 2021 2220 2062 ante
2243 2013 2437 2063 dictum
2459 2012 2585 2065 fuis-

372 2085 476 2137 set,
509 2092 739 2142 unumque
769 2092 957 2128 numen.
1026 2077 1164 2127 Nam
1202 2075 1377 2129 Judaei
1424 2078 1614 2140 passim
1661 2078 1997 2143 ingeminant,
2042 2078 2234 2143 passim
2275 2078 2585 2144 inscribunt,

373 2163 526 2224 757&
550 2163 698 2223 mr„
720 2137 941 2224 lj'ffin
978 2162 1147 2226 mw,
1179 2165 1232 2214 id
1279 2171 1378 2225 est,
1419 2168 1434 2194 ⁴
1458 2166 1694 2219 Jehovah
1735 2166 1883 2216 Deus
1927 2173 2105 2217 noster
2145 2166 2376 2217 Jehovah
2418 2163 2612 2221 unus.’,

373 2230 745 2279 Deuteronom.
767 2244 843 2280 vr.
865 2234 915 2279 4.
982 2229 1226 2280 Summum
1248 2246 1453 2297 quoque
1484 2233 1680 2295 optime
1705 2231 1923 2292 dicitur3
1956 2235 1971 2260 ‘
1996 2232 2252 2283 Quoniam
2275 2232 2420 2282 Dens
2442 2241 2586 2294 m'ag·

372 2309 469 2343 nus
492 2295 766 2345 Dominus:
804 2302 859 2344 et
883 2310 976 2344 rex
1000 2310 1214 2358 magnus
1246 2311 1403 2360 super
1427 2311 1604 2346 omnes
1630 2297 1810 2347 Deos!
1875 2297 2068 2347 Psalm.
2089 2310 2236 2348 xctv.
2267 2301 2317 2347 3.
2366 2296 2588 2350 Bretier.

372 2364 503 2409 —14
539 2360 822 2423 Perperam
842 2361 969 2411 Mss.
992 2368 1049 2409 et
1063 2367 1267 2411 veteres
1292 2361 1566 2424 editiones„
1588 2364 1756 2411 nedum
1778 2362 1965 2425 templis
1984 2366 2111 2411 sunt.
2178 2360 2587 2424 Emendandum,

371 2425 553 2486 sinum,
576 2431 720 2474 recte
740 2426 936 2475 monuit
955 2424 1008 2476 J.
1034 2426 1089 2475 F.
1115 2426 1436 2477 Gronovius:
1475 2429 1609 2491 quod
1637 2426 1844 2492 quidem
1865 2441 2040 2476 omnes
2063 2433 2243 2491 postea
2268 2426 2585 2491 probavere;

372 2499 427 2540 et
449 2491 525 2540 sic
547 2491 781 2554 postulat
806 2490 1073 2542 Latinitas.
1133 2491 1283 2544 Ideni.
1350 2493 1583 2557 Ryckius
1608 2499 1781 2543 autem
1806 2492 1997 2543 retinet
2017 2496 2146 2543 sunt.

1369 2621 1590 2673 NOTAE

2369 836 2580 920 Igitur
2666 875 2675 881 -

440 2739 463 2765 ⁸
495 2730 769 2797 Persuasio]
826 2731 1015 2782 Curam
1040 2732 1212 2796 istam,
1246 2746 1347 2782 non
1371 2730 1437 2780 ad

371 2810 623 2871 infernos,
646 2810 735 2862 sed
762 2810 825 2861 ad
860 2810 1129 2874 superiora
1168 2810 1323 2860 verba
1363 2824 1440 2859 re-

374 2885 499 2937 ferri
524 2894 768 2952 autum03
800 2894 859 2938 ut
874 2888 1140 2938 scilicetin
1159 2886 1438 2936 condendis

374 2963 700 3030 corporibus,
734 2964 913 3014 eadem
953 2966 1019 3014 sit
1049 2964 1247 3018 Judaeis
1292 2979 1438 3027 cura,

376 3057 494 3108 quae
516 3039 797 3107 AEgyptiis‚
828 3041 1109 3109 eademque
1133 3041 1199 3092 de
1220 3041 1438 3093 infernis

374 3119 656 3184 persuasio.
705 3119 933 3169 Pichena.
1138 3139 1158 3152 ·
1365 3153 1368 3157 Α

441 3195 547 3247 Hic
588 3196 747 3261 igitur
790 3210 968 3252 sensus
1005 3194 1177 3246 foret:
1231 3195 1441 3259 Corpora

374 3275 589 3334 condere,
607 3275 778 3337 potius
798 3288 938 3337 quam
957 3287 1181 3337 cremare,
1201 3270 1394 3322 habent
1414 3286 1440 3320 e

374 3365 503 3400 more
522 3350 755 3415 AEgyptio
769 3368 784 3399 .·
816 3352 1061 3413 eademque
1081 3364 1212 3413 cura,
1236 3347 1438 3398 eadem-

379 3442 480 3492 que
502 3433 549 3477 et
569 3430 627 3477 de
662 3427 831 3491 inseris
857 3426 1132 3492 persuasio,·
1166 3433 1222 3477 at
1243 3423 1438 3476 coelesti-

373 3518 454 3553 um
481 3507 661 3554 contra.

439 3586 464 3613 ⁸
493 3580 654 3631 Judaen·
685 3585 837 3630 mente
867 3580 964 3630 sola
992 3594 1221 3643 unumque
1251 3578 1438 3628 Numen

375 3657 673 3721 intelligunt]
705 3658 849 3706 Bene
872 3663 927 3707 et
943 3670 1066 3706 vere
1084 3655 1197 3706 haec
1210 3654 1439 3705 Tacitus.

359 3733 608 3800 'Ideoque
629 3749 727 3785 nec
750 3738 937 3783 statuae
958 3732 993 3782 J
998 3732 1173 3796 udaeis,
1191 3735 1248 3781 et
1270 3731 1437 3795 ipsum

359 3809 474 3860 'sub
508 3810 593 3862 dio
628 3817 685 3861 et
716 3816 973 3875 apertum,
1029 3808 1149 3858 dico
1179 3808 1344 3872 majus
1378 3807 1437 3857 il·

375 3887 467 3938 lud
500 3891 555 3937 et
585 3887 816 3938 exterius
851 3888 1131 3951 templum;
1164 3901 1283 3935 nam
1318 3886 1438 3936 inte-

359 3955 480 4015 'rius
498 3967 720 4025 clausum,
745 3974 802 4014 ut
823 3980 941 4013 mox
966 3964 1125 4014 dicet.

355 4041 364 4052 “
444 4043 552 4093 Dio
589 4044 625 4096 1.
653 4056 883 4092 xxxvu.
926 4043 941 4069 ⁴
966 4042 1174 4092 Nullam
1214 4047 1438 4090 statuam

359 4115 757 4183 'Hierosolymis
790 4119 1073 4180 habebant,
1095 4127 1148 4166 et
1173 4118 1342 4166 Deum
1365 4117 1440 4168 in·

355 4187 638 4246 'effabilem
669 4195 942 4261 quendam,
972 4203 1025 4243 et
1047 4193 1179 4244 visui
1212 4207 1314 4244 non
1353 4193 1441 4243 ob-

380 4269 589 4323 noxium
625 4267 957 4336 arbitrantes,
990 4285 1172 4337 magna
1195 4268 1442 4337 religione

1519 2735 1576 2779 et
1597 2743 1755 2794 super
1776 2734 1978 2780 ceteros
2001 2729 2228 2780 homines
2251 2742 2367 2779 eum
2392 2727 2587 2780 colunt.

1520 2807 1619 2857 Cui
1652 2812 1708 2857 et
1740 2807 2009 2871 templum,
2044 2818 2325 2857 murnum
2358 2817 2426 2854 m·
2459 2817 2587 2855 rm.-

1518 2897 1891 2949 cnsnnmum,
1924 2883 2027 2933 nisi
2058 2883 2197 2949 qnod
2227 2895 2495 2936 APERTUM
2530 2886 2588 2950 eg

1518 2962 1630 3012 sine
1654 2968 1795 3012 tecto
1817 2962 1922 3012 ullo
1944 2967 2044 3026 est,
2064 2958 2505 3011 construxerunt!

1585 3039 1717 3088 Sunt
1731 3039 1846 3088 haec
1863 3037 2148 3101 verissima,
2170 3052 2264 3101 pro
2279 3036 2586 3088 Judaeorum

1519 3129 1641 3166 sano
1681 3130 1861 3165 sensu:
1920 3113 2012 3164 sed
2056 3128 2208 3179 quem
2247 3113 2457 3164 Ethnici
2497 3114 2587 3165 de-

1518 3199 1836 3257 pravarunt;
1870 3198 1924 3241 et
1964 3191 2088 3257 quia
2124 3191 2219 3241 sub
2257 3191 2408 3256 coelo,
2439 3196 2496 3242 et
2532 3191 2591 3241 in

1517 3268 1647 3318 illud
1693 3267 2006 3333 aspicientes
2071 3267 2436 3332 precabantur,
2481 3266 2589 3319 rati

1520 3354 1659 3409 sunt,
1675 3347 1862 3398 coelum
1881 3346 1946 3396 ab
1963 3346 2026 3396 iis
2049 3346 2272 3396 adorari.
2290 3344 2588 3397 Juvenalisz

1519 3424 1537 3452 ‘
1563 3423 1653 3472 Nil
1678 3430 1873 3488 praeter
1895 3422 2060 3473 nubes
2084 3430 2139 3473 et
2164 3421 2282 3472 coeli
2307 3422 2480 3471 lumen
2498 3420 2589 3471 ad-

1520 3501 1706 3551 orant!
1769 3499 1919 3551 Alius
1975 3499 2257 3550 satiricus:
2309 3497 2325 3525 ‘
2352 3497 2423 3546 Et
2468 3495 2589 3546 coeli

1518 3592 1741 3628 summas
1796 3577 2020 3626 advocat
2067 3571 2357 3648 auriculas!
2423 3572 2589 3630 Quasi

1519 3660 1767 3721 putarent
1787 3654 1974 3703 coelum
1998 3665 2148 3700 aures
2183 3648 2393 3712 habere,
2426 3646 2586 3713 idque

1520 3731 1838 3781 invocarent.
1894 3728 2102 3793 Lipsius.

1585 3805 1609 3840 ¹³
1641 3806 1884 3857 Sumutum
1911 3804 2030 3853 illud
2065 3807 2113 3851 et
2146 3798 2396 3864 mersam]
2447 3798 2590 3851 Quia

1520 3885 1668 3934 Deus
1688 3881 1895 3932 summias
1929 3888 2031 3942 est,
2067 3878 2231 3943 ipsum
2267 3892 2469 3928 omnem
2508 3891 2590 3929 su-

1520 3976 1707 4026 perare
1736 3961 1964 4024 speciem
2000 3956 2362 4021 euimaginem
2393 3959 2590 4005 morta-

1518 4039 1643 4088 lium
1664 4036 2027 4097 crediderunt3
2062 4039 2117 4083 et
2138 4032 2260 4097 quia
2281 4029 2591 4086 immutabilia

1521 4124 1625 4179 est,
1654 4114 1991 4166 mutabilibus
2029 4109 2406 4175 nwrtalibusque
2440 4112 2589 4162 mate-

1519 4193 1612 4242 riis
1654 4191 1846 4257 effingi,
1892 4188 2160 4254 indignum
2212 4184 2330 4237 Deo
2372 4188 2588 4260 putave-

1522 4275 1662 4319 runt.
