3050 4917
399 323 589 432 9790-

1054 334 1069 344 “
1094 335 1171 405 e.
1218 334 1588 400 canneru
1629 329 1916 399 'rammi

2297 329 2390 421 [A‘.
2410 353 2478 407 υ.
2500 329 2626 406 sai.

402 502 810 594 pervectuS,⁷
829 505 855 545 ‘³
901 517 946 562 a
992 484 1332 563 Praefecto
1379 495 1506 560 alae
1539 492 1841 560 Μιιιιιιίο8
1888 491 2140 560 Rufino
2145 513 2184 570 r
2222 492 2627 576 praesidium

401 602 580 668 illic⁹
609 602 917 684 agitante,
946 583 1256 666 vincitur.

1348 597 1481 663 Sed
1511 597 1827 663 exsoluta
1847 597 2076 662 statim
2098 597 2387 675 vincula,
2416 595 2622 680 inter-

403 690 602 771 reatu
648 703 914 782 Hormi,
967 701 1260 769 Caesaris
1307 701 1589 768 liberti?
1628 699 1693 765 is
1724 718 1996 784 quoque
2023 698 2190 764 inter
2220 698 2469 792 Duces³
2494 676 2620 762 ha-

402 791 700 872 bebatur.

408 970 510 1021 que
532 964 616 1006 est
641 958 881 1008 Hadriam
901 956 1109 1019 navigiis
1127 956 1416 1018 Liburnicis,
1453 959 1500 1006 et
1537 952 1791 1018 praffectus
1826 952 1917 1001 ‹21oe
1941 943 2161 1001 Mennim
2200 950 2419 1017 Rufinus,
2439 950 2518 1015 qui
2540 945 2623 1000 Ῑιῑσ

404 1024 657 1071 stationem
694 1023 879 1086 habuit,
912 1022 986 1070 illi
1021 1026 1211 1071 catenas
1237 1020 1412 1081 injicit.
1484 1020 1606 1074 Quoe
1627 1024 1786 1068 tamen
1807 1018 1974 1066 statim
1996 1016 2046 1066 ei
2069 1021 2269 1067 exemtoe
2300 1024 2441 1081 sunt,
2475 1031 2620 1080 opera

410 1085 591 1142 Horma·
611 1085 770 1137 liberti
794 1059 1081 1138 Cae’sariani:
1111 1087 1154 1136 is
1175 1091 1283 1136 tum
1307 1086 1452 1137 etiam
1472 1085 1601 1134 iuter
1620 1085 1758 1134 daces
1777 1080 2100 1146 reputabatur.

1291 1236 1380 1256 ‘00
1356 1237 1528 1258 ‘0090‘
1533 1237 1651 1257 ‘050

412 1319 623 1371 labatur
624 1322 785 1386 ,quod
801 1336 938 1372 nunc
949 1320 1312 1373 Adriaticum?
1332 1320 1655 1373 Puteoianus
1671 1320 2071 1384 etrecentiores,
2083 1318 2338 1370 Hadriam.
2340 1324 2436 1369 -7
2454 1319 2624 1370 Recte

409 1383 544 1437 Mss.
568 1386 710 1438 Flor.
744 1388 896 1437 Harl.
929 1388 1080 1438 Bodl.
1107 1388 1221 1440 Jes.
1255 1385 1431 1439 Guelf.
1466 1387 1625 1438 Corb.
1649 1393 1706 1437 et
1737 1388 2077 1449 Puteolanus,
2101 1390 2358 1449 pervectus.
2423 1385 2488 1433 In
2511 1385 2621 1438 Ms-

413 1450 551 1513 Reg.
572 1457 629 1500 et
651 1452 880 1502 editione
902 1453 1159 1517 principe,
1176 1457 1437 1516 provectus.
1492 1452 1723 1503 Brotier.
1728 1456 1823 1501 -8
1858 1452 1942 1502 Ita
1960 1452 2063 1502 Ms.
2083 1450 2233 1500 Harl.
2260 1451 2428 1513 prima
2447 1464 2625 1508 manu,

412 1513 732 1565 Puteolanus
772 1525 829 1567 et
864 1519 1198 1568 recentiores,
1266 1518 1331 1566 In
1370 1517 1472 1566 Ms.
1509 1516 1624 1569 Jes.
1656 1517 1910 1567 Memmio.-
1941 1517 2015 1567 sic
2051 1530 2256 1581 quoque
2290 1516 2621 1568 emendatum

414 1580 581 1629 altera
603 1596 755 1632 manu
788 1583 840 1631 in
873 1583 977 1632 Hs.
1005 1583 1157 1633 Harl.
1222 1582 1285 1631 In
1307 1582 1437 1631 Mss.
1453 1582 1630 1633 Vatic.
1652 1580 1785 1644 Agr.
1820 1581 1977 1632 Corb.
2012 1589 2070 1631 et
2104 1581 2330 1630 editione
2369 1580 2629 1657 principe,

399 1642 715 1710 juvenior-um.
782 1647 936 1697 Unde
955 1648 1165 1713 quidam
1189 1646 1387 1697 finxere
1410 1647 1579 1697 alam
1556 1650 1905 1710 Juveniornm,
1923 1662 2038 1712 quae
2055 1661 2320 1722 nusquam
2316 1645 2377 1694 in
2398 1644 2626 1719 antiquis

413 1712 755 1761 monumentis
786 1718 1120 1764 memoratur.
1184 1713 1287 1762 ΜΒ.
1318 1713 1455 1763 Flor.
1484 1712 1713 1763 Vivennio
1736 1712 1927 1777 Rufino.
1960 1712 2128 1763 Idem.
2195 1709 2410 1761 Amicus
2433 1708 2629 1774 Ryckii

413 1775 655 1826 tentabat
673 1777 902 1828 Juventio
925 1778 1113 1845 Rtffivw.
1114 1783 1213 1829 —9
1245 1777 1356 1827 Illic
1376 1778 1523 1827 abest
1545 1792 1576 1826 a
1595 1778 1698 1840 Ms.
1723 1777 1880 1830 Corb.

1415 1957 1636 2010 NOTAE

416 2151 421 2152 ἢ
480 2087 509 2128 «ι
543 2084 782 2148 naariam
799 2086 1066 2153 pervectae]
1097 2087 1201 2138 sed
1236 2070 1328 2139 eui
1359 2090 1483 2139 aas·

1628 2096 1649 2122 Γ
1670 2088 1876 2140 caesaris
1898 2085 2084 2151 liberti]
2116 2086 2263 2137 Male
2276 2061 2635 2149 vertuntssVesa

388 2176 531 2213 *snm
546 2163 868 2228 praecipuum
889 2172 1153 2215 auctorem
1171 2165 1483 2217 defectionis
1558 2166 1777 2231 pantani.-
1812 2166 1943 2216 tales
1975 2164 2155 2215 liberti
2193 2162 2420 2213 Caesarei
2460 2168 2630 2224 erant,

418 2238 658 2290 custodia
681 2246 986 2304 pervectum
1008 2241 1115 2292 ait?
1151 2255 1217 2291 an
1251 2242 1352 2293 sibi
1385 2243 1486 2308 ipsi
1522 2277 1523 2282 =

419 2311 816 2368 Liburnicarum
830 2318 1036 2369 navium
1053 2321 1338 2370 custodiam
1354 2321 1481 2370 Bas-

419 2406 505 2444 sus
523 2393 882 2457 circumdedit,
895 2396 1102 2446 honoris
1118 2403 1175 2447 et
1191 2398 1486 2448 securitatis

419 2481 607 2531 causa;
643 2484 706 2520 ac
730 2470 933 2522 vinctus
967 2474 1152 2525 deinde
1185 2490 1216 2524 a
1252 2476 1486 2539 Mennio‚

418 2543 640 2596 fortasse
662 2546 970 2598 defectionis
1005 2550 1207 2614 ignaro,
1242 2558 1297 2601 et
1319 2551 1486 2610 adbuc

419 2621 756 2673 vitellianum
779 2638 895 2675 eum
919 2618 1201 2678 credente?

484 2700 685 2749 Contra
706 2713 911 2765 censeo,
935 2703 1154 2753 Bassum
1170 2719 1291 2754 vere
1315 2709 1486 2754 custo-

419 2776 605 2827 ditum.
672 2777 809 2827 Nam
832 2779 958 2828 licet
976 2780 1280 2847 proditionis
1297 2776 1486 2831 fuisset

420 2859 622 2918 auctor,
645 2858 818 2903 tamen
844 2855 964 2920 quia
990 2857 1242 2920 pudorem
1265 2872 1358 2906 seu
1381 2872 1486 2907 me-

419 2933 532 2978 tum
565 2942 677 2993 prae
707 2943 763 2979 se
798 2930 935 2993 tulit,
967 2946 1029 2981 ac
1070 2933 1318 2982 tumultus
1358 2939 1487 2992 tem·

421 3019 570 3070 pore,
611 3004 753 3076 d⁰¹1¹i
795 3022 852 3057 se
895 3008 1170 3073 continuit,
1207 3008 1487 3073 suspicioni

424 3084 616 3133 ceteris
638 3082 756 3133 fuit.

454 3159 459 3164 '
488 3157 618 3209 Ideo
639 3160 910 3211 Cornelius
942 3163 1154 3226 Fuscus,
1183 3178 1335 3227 quem
1374 3162 1487 3228 ipsa

425 3233 604 3285 classis
638 3237 738 3287 sibi
778 3236 1088 3302 praefectum
1111 3240 1352 3290 assumsit
1373 3241 1490 3291 loco

426 3313 594 3377 Bassi,
622 3330 684 3365 ae
725 3318 889 3366 ceteri
912 3317 1090 3376 duces,
1118 3332 1234 3367 cum
1260 3319 1494 3369 custodia

425 3399 543 3439 eum
563 3398 808 3457 tanquam
831 3400 1131 3457 suspectum
1154 3394 1406 3444 miserunt
1424 3394 1492 3445 ad

424 3466 717 3536 Flavianos,
759 3476 818 3518 ut
861 3469 1187 3519 occasionem
1242 3484 1492 3521 novarum

424 3558 598 3596 rerum
623 3546 882 3595 tollerent.
947 3546 1176 3595 Pit-hena.

494 3621 615 3671 Non
656 3622 892 3672 omnibus
929 3627 1055 3672 nota
1076 3622 1224 3672 Bassi
1264 3623 1495 3687 consiiia,

423 3711 523 3747 nec
563 3698 690 3747 satis
727 3705 1051 3762 compertum
1089 3700 1312 3763 cunctis,
1347 3707 1405 3750 nt
1442 3702 1493 3749 iu

427 3779 536 3823 tam
557 3774 833 3838 repentino
855 3782 1017 3835 motu,
1044 3790 1109 3824 an
1130 3790 1250 3824 vere
1274 3776 1493 3826 deficere

428 3850 693 3901 voluisset.
758 3851 945 3918 Itaque
970 3861 1027 3902 ut
1045 3853 1264 3904 satisfiat
1287 3869 1494 3919 suspec-

428 3928 680 3989 tantibus,
706 3927 948 3991 vincitur,
971 3940 1025 3979 et
1045 3932 1249 3996 quidem
1268 3933 1495 3982 hmwrata

426 4004 655 4070 Madia,
689 4011 747 4053 ut
771 4005 843 4055 sic
867 4008 1096 4069 periculo
1119 4009 1403 4071 eripiatur,
1436 4015 1494 4059 et

430 4079 609 4142 etiam,
642 4095 708 4130 ne
748 4081 1019 4133 irritentur
1053 4085 1108 4148 ii,
1130 4085 1218 4149 qui
1242 4085 1352 4148 ejus
1376 4078 1496 4133 con·

433 4154 539 4208 tilii
582 4170 645 4206 ac
681 4156 990 4209 defectionis
1030 4161 1245 4211 conscii
1271 4168 1326 4211 et
1363 4161 1496 4211 certi

432 4238 597 4286 etant.

1565 2255 1718 2296 erant
1738 2246 1917 2297 liberti
1949 2244 2159 2295 familiae
2195 2240 2495 2307 principalis
2517 2255 2632 2292 rseu

1565 2323 1842 2373 Palatinae.
1908 2323 2095 2388 Neque
2119 2320 2331 2385 proprie
2370 2325 2518 2369 erant
2536 2319 2634 2368 Vi-

1567 2399 1701 2449 tellii
1736 2404 1829 2449 aut
1849 2398 2149 2462 Vepasiani,
2185 2396 2284 2446 nisi
2322 2411 2439 2447 cum
2479 2394 2632 2445 vicis·

1568 2484 1708 2537 sent,
1734 2482 1789 2526 et
1810 2476 2075 2526 iliacessiti
2098 2471 2503 2525 dominarentur.

1631 2553 1797 2603 Erant
1837 2552 2016 2601 liberti
2055 2551 2296 2612 Caesaris,
2336 2548 2635 2598 indistincte

1569 2630 1719 2692 cnjus
1736 2634 1931 2691 essent,
1944 2626 2231 2691 praesertim
2249 2626 2387 2675 bello
2398 2623 2638 2686 durante,

1568 2710 1627 2755 et
1647 2712 1864 2755 nutante
1882 2704 2047 2754 adhuc
2071 2714 2274 2753 summa
2290 2699 2517 2762 fortuna,
2536 2713 2636 2749 nec

1568 2789 1736 2831 erant·
1764 2782 1982 2846 proprie‘
2006 2777 2330 2843 Vespasiani,
2373 2776 2472 2827 nisi
2515 2781 2636 2841 post

1566 2857 1835 2908 victoriam
1856 2864 1912 2906 et
1930 2856 2213 2907 fortunam.

1633 2942 1653 2970 ⁸
1686 2935 1823 2984 Inter
1844 2932 2025 2997 Duces]
2084 2933 2270 2998 Neque
2304 2935 2533 2996 praeerat
2554 2943 2641 2979 co·

1569 3011 1688 3077 piis,
1703 3026 1873 3076 neque
1896 3011 2136 3070 duxerat
2153 3010 2240 3060 ille
2257 3009 2497 3072 libertus,
2511 3008 2527 3035 ‘
2540 3006 2633 3056 sed

1567 3090 1707 3138 inter
1727 3089 1889 3139 duces
1914 3085 2203 3137 habebatur
2217 3086 2253 3136 :²
2284 3087 2397 3136 scil.
2413 3099 2527 3135 sese
2545 3083 2642 3133 du·

1569 3179 1687 3216 cum
1705 3179 1939 3222 numero,
1957 3163 2119 3214 turbis
2134 3169 2190 3212 et
2211 3162 2365 3212 rebus
2384 3162 2524 3211 ultro
2544 3159 2640 3209 im·

1570 3244 1840 3294 miscebat.
1906 3244 2042 3293 Nam
2073 3242 2206 3292 tales
2227 3242 2242 3269 ‘
2262 3240 2408 3289 malis
2440 3252 2639 3302 tempo-

1571 3319 1735 3385 ribus,
1775 3320 1931 3372 etiam
1955 3334 2010 3370 se
2032 3318 2252 3383 Reipnb.
2274 3322 2476 3382 partem
2508 3313 2644 3365 faci·

1574 3396 1701 3452 unt!
1761 3407 1768 3414 ·

1597 3535 1602 3540 ὗ
1637 3473 1725 3523 Sic
1747 3473 1835 3524 ille
1857 3487 1914 3522 se
1936 3471 2152 3521 ducibus
2171 3468 2454 3530 inserebat,
2474 3482 2530 3526 se
2546 3467 2643 3518 dn·

1575 3564 1687 3600 cern
1711 3549 1948 3609 ferebat;
1980 3556 2035 3598 at
2057 3561 2225 3612 neque
2255 3547 2361 3596 dux
2397 3552 2531 3607 erat,
2553 3559 2641 3594 ne-

1575 3641 1676 3687 que
1699 3625 1910 3689 proprie
1948 3631 2193 3689 praeerat,
2226 3624 2458 3687 quamvis
2486 3621 2644 3671 motis

1573 3705 1588 3731 ‘
1614 3702 1939 3765 turbidisque
1972 3699 2158 3764 rebus,’
2182 3701 2345 3749 muita
2375 3701 2646 3763 satageret

1574 3791 1705 3843 prop
1712 3778 1894 3827 adium·
1906 3776 2052 3826 iliud.

1642 3854 1849 3905 Liberti
1891 3852 2046 3902 aulici
2111 3851 2201 3901 isti
2244 3849 2642 3915 procurationes

1576 3946 1669 3982 seu
1689 3928 2225 3995 provinciasinermes
2240 3927 2521 3988 habebant,
2542 3940 2646 3974 nec

1576 4009 1677 4058 illis
1701 4008 1778 4056 uti
1798 4005 1963 4054 milite
1995 4005 2162 4062 licuit,
2197 4003 2316 4053 dum
2349 4018 2464 4066 pax.
2486 4003 2643 4052 habe-

1575 4091 1742 4146 retur,
1781 4088 1836 4132 et
1873 4079 2078 4145 Repub.
2101 4081 2237 4131 bene
2258 4080 2562 4143 constituta,
2584 4086 2647 4130 ut

1563 4164 1728 4225 ,patet
1751 4174 1816 4207 ex
1833 4158 2017 4207 Tacito
2038 4169 2212 4220 supra.
2276 4154 2382 4206 Sed
2419 4156 2641 4205 multum

1576 4233 2001 4288 bellis-civilibus
2035 4232 2263 4298 pessima
2310 4232 2516 4297 ingenia
2546 4231 2648 4284 sibi
