3050 4917
309 385 586 452 acm]
1001 380 1541 433 nisi-omnum
1588 381 1737 436 ms.
1783 383 1889 432 iv.

2340 368 2522 439 3073

311 543 439 610 pro
462 525 684 604 fratre,
709 521 991 609 Aquilio
1019 521 1336 607 Regulo,¹‘
1363 524 1726 609 deprecari.
1816 525 2147 620 Regulum
2192 530 2521 597 subversa

323 624 713 694 crassorum
740 632 808 692 et
836 627 1141 710 Orphiti²
1171 625 1406 720 domus
1435 627 1503 689 in
1532 644 1860 692 summum
1886 628 2116 694 odium
2144 633 2517 699 extulerat-³

320 726 568 811 Sponte
614 749 705 796 ex
752 727 919 794 SC.4
946 728 1441 793 accusationem
1471 728 1758 793 subisse⁵
1773 724 1788 762 ¹
1809 728 2074 813 juvenis
2126 731 2512 813 admodum,

318 849 438 902 nec
487 830 861 914 depellendi
916 830 1219 915 periculi,
1268 831 1385 902 'sed
1435 832 1504 895 in
1556 850 1746 918 spem
1795 832 2116 914 potentias
2144 833 2518 902 videbatur.

319 930 404 995 Et
439 933 746 1018 Sulpicia
794 934 1233 1011 Praetextata,
1287 930 1515 997 Crassi
1544 931 1819 1012 uxor‚⁶¹¹¹
1848 938 2258 1018 quatuorque
2292 936 2516 1016 liberi,
2592 931 2601 942 “

318 1112 518 1174 Regma.
585 1113 765 1183 Eversa
805 1116 1081 1165 Crassorum
1112 1121 1160 1166 et
1197 1114 1395 1179 0ηυῖιὶίί
1417 1111 1617 1174 familia
1648 1115 1883 1178 Regulum
1918 1116 1970 1163 in
2002 1116 2257 1165 maximam
2288 1116 2520 1170 invidiam

316 1179 598 1228 adauxerat.
671 1180 812 1229 Ultro
835 1180 921 1229 ille
955 1187 1003 1231 et
1034 1188 1198 1246 meopte
1227 1180 1417 1244 ingenio
1440 1181 1637 1241 juvenis
1667 1183 1916 1230 admodum
1947 1180 2224 1232 credebatur
2241 1181 2523 1232 delationem

301 1244 585 1307 memisse,
605 1259 692 1293 nec
708 1245 959 1294 amoliendi
988 1247 1189 1310 periculi
1211 1247 1396 1309 gratia,
1413 1248 1497 1294 sed
1516 1260 1600 1309 spe
1618 1246 1858 1309 amplioris
1867 1244 2097 1305 fortum-
2165 1246 2235 1294 Et
2262 1246 2306 1294 si
2327 1245 2522 1306 ,italica-⁸

317 1312 420 1356 rent
451 1314 634 1372 patres,
668 1309 879 1360 vindices
912 1310 1155 1361 instabant
1187 1310 1404 1376 Sulpicia
1433 1311 1757 1376 Praetextata,
1777 1312 1948 1371 conjux
1976 1308 2157 1375 Crassi,
2177 1315 2226 1360 et
2244 1316 2442 1375 quatuor
2463 1310 2522 1361 li-

1242 1438 1598 1459 OOOOOOOOOO

318 1532 362 1568 c.
380 1523 528 1569 9.--2
562 1520 708 1570 Male
730 1521 834 1570 Ms.
859 1521 993 1585 Reg.
1011 1527 1067 1570 et
1083 1521 1243 1571 editio
1265 1522 1529 1587 princepS,
1544 1521 1703 1587 Orfite
1721 1524 1899 1572 domus.
1964 1522 2050 1572 Sic
2066 1536 2136 1588 qu
2207 1537 2271 1572 ue
2293 1522 2523 1574 secunda

317 1597 468 1633 manu
487 1586 814 1635 emendatum
836 1586 1030 1636 iu‘Mss.
1043 1587 1216 1636 Vatic.
1233 1591 1375 1636 1958.
1395 1595 1451 1636 et
1469 1587 1619 1638 Harl.
1633 1587 1764 1636 Mss.
1782 1588 1932 1637 Bodl.
1948 1589 2059 1640 Jes.
2078 1590 2180 1651 Orp
2214 1588 2310 1651 itii,
2323 1589 2406 1637 vel
2428 1589 2522 1636 Or-

265 1695 274 1702 ,
311 1639 476 1709 piricii.
519 1651 844 1706 Brotier.-3
878 1651 983 1702 Ms.
1004 1651 1186 1714 Ryckii
1202 1653 1590 1702 maturante-‘4
1626 1652 1726 1700 Ms.
1742 1651 1871 1715 Agr.
1884 1652 2048 1702 habet
2060 1658 2224 1716 sponte
2239 1668 2300 1702 ex
2315 1668 2380 1703 se.
2431 1652 2523 1701 Pi-

318 1711 479 1762 chena
496 1715 710 1779 conjicit
719 1720 898 1779 sponte,
907 1731 993 1764 nec
1009 1715 1188 1765 Senatu
1200 1718 1422 1765 consulto.
1481 1716 1692 1779 Bipont.
1709 1717 1887 1780 legunt
1899 1723 2062 1781 sponte
2073 1724 2323 1781 antequam
2338 1732 2401 1767 ex
2417 1718 2522 1768 SC.

318 1789 382 1824 ex
402 1778 741 1829 similitudine
759 1794 940 1829 vocum
958 1782 1175 1829 alteram
1189 1783 1421 1830 omissam
1439 1795 1470 1828 a
1485 1782 1698 1830 librario
1714 1782 1834 1831 rati.
1868 1781 2103 1843 Addunt,
2123 1784 2309 1846 saepius
2330 1783 2477 1831 datos
2494 1797 2526 1831 a

315 1840 507 1891 Senatu
522 1851 770 1906 patronos
783 1859 837 1893 se
853 1859 1143 1894 excusasse.
1198 1846 1263 1895 Id
1280 1853 1334 1895 et
1350 1846 1413 1895 de
1434 1846 1821 1895 accusatoribus
1833 1848 1989 1895 valet.
2013 1848 2187 1896 quuit
2200 1862 2326 1909 ergo
2335 1848 2418 1896 hic
2428 1848 2526 1895 Ta-

315 1904 737 1969 citus,decretam
754 1908 851 1957 sibi
865 1910 961 1959 SC.
976 1911 1358 1960 accusationem
1376 1910 1527 1959 avide
1542 1911 1813 1974 arripuisse
1828 1911 2081 1974 Regulum
2099 1927 2114 1970 ;
2138 1927 2254 1976 quae
2269 1918 2352 1961 est
2366 1911 2526 1959 inter·

319 1972 546 2032 pretatio
560 1973 915 2037 Huetii,vera,
933 1980 992 2022 ut
1009 1982 1154 2037 puto.
1187 1975 1377 2039 Itaque
1386 1975 1551 2024 verba
1565 1990 1626 2024 ex
1645 1975 1747 2024 SC.
1767 1976 2030 2038 cancellis,
2049 1976 2230 2040 quibus
2248 1976 2528 2025 incluserat

317 2034 541 2101 Ernesti,
549 2038 712 2088 libero
721 2044 777 2088 et
788 2052 970 2087 sanum
987 2053 1102 2087 esse
1116 2040 1287 2090 locum
1306 2042 1586 2103 pronuntio
1603 2054 1720 2088 cum
1735 2039 1996 2090 Broterio.
2018 2041 2272 2091 Cheru—5
2297 2041 2382 2090 Sic
2394 2041 2526 2090 Mss.

320 2097 462 2150 Harl.
489 2103 643 2154 Bodl.
665 2103 778 2154 Jes.
794 2109 850 2154 et
874 2104 1214 2154 Puteolanus:
1249 2105 1521 2155 Brotierus
1538 2119 1654 2154 cum
1673 2104 1875 2168 Ryckio
1897 2110 1956 2154 et
1977 2105 2207 2156 Gronov.
2231 2111 2288 2155 et
2310 2104 2527 2170 Bipont.

1323 2236 1535 2288 NOTAE

378 2342 403 2377 ¹¹
424 2346 623 2413 Aquilio
650 2352 857 2416 Regulo]
890 2352 1014 2415 Qui,
1046 2357 1183 2404 teste
1207 2352 1382 2403 Plinio

310 2418 531 2493 juniore,
551 2430 570 2458 ‘
593 2430 821 2480 omnium
851 2431 1098 2495 bipedum
1128 2419 1382 2495 'nequissi-

317 2503 461 2565 mus,'
486 2506 766 2569 pessimum
797 2507 1383 2573 perniciosissimumque

251 2647 255 2652 .
318 2578 617 2632 crudelitati
655 2583 881 2633 Neronis
912 2591 968 2633 et
989 2583 1278 2634 Domitiani
1308 2583 1384 2631 in·

319 2657 661 2707 strumentum
683 2659 722 2708 l.
744 2673 783 2709 ι.
804 2660 904 2723 Ep.
929 2664 979 2708 6.
1028 2659 1254 2709 Sosibius.

380 2725 396 2758 ¹
415 2730 598 2795 Sponte
614 2748 675 2782 ex
696 2732 796 2783 SC.
820 2734 1164 2785 accusationem
1184 2734 1385 2798 subisse]

319 2805 479 2861 Moris
515 2812 680 2864 fuisse
703 2814 930 2878 videtur,
950 2822 1010 2865 ut
1032 2815 1246 2881 alicujus
1269 2829 1387 2864 cau-

318 2895 406 2945 sae,
428 2889 510 2939 vel
527 2891 811 2955 accusatio,
835 2892 915 2941 vel
950 2892 1109 2942 etiam
1132 2890 1387 2956 defensio,

320 2971 351 3007 a
372 2971 555 3015 senatu
599 2966 720 3015 huic
742 2967 823 3016 vel
847 2966 922 3015 illi
945 2967 1139 3017 oratori
1164 2968 1387 3031 plerum-

319 3043 418 3097 que
460 3040 863 3092 demandaretur
882 3059 897 3104 ς
959 3043 1068 3093 sive
1129 3037 1388 3093 actoribus

320 3113 403 3161 vel
426 3115 527 3166 reis
551 3117 853 3167 nominatim
869 3132 1027 3167 unum
1051 3119 1276 3183 aliquem
1298 3133 1389 3182 pe-

323 3189 572 3256 tentibus,
613 3193 721 3248 sive
744 3196 956 3259 proprio
981 3203 1190 3248 senatus
1211 3205 1388 3258 motu;

323 3268 459 3328 quod
490 3270 817 3324 notissimum
852 3278 952 3332 est,
992 3287 1053 3323 ac
1091 3274 1387 3336 praesertim

323 3349 388 3388 ex
410 3342 586 3395 Plinio
600 3345 812 3409 juniore
834 3349 871 3396 l.
896 3361 937 3398 1.
960 3348 1118 3412 epist.
1143 3353 1222 3398 12.
1243 3350 1277 3398 l.
1301 3353 1388 3397 1'11.

324 3417 474 3479 epist.
499 3426 551 3473 4.
571 3428 627 3472 et
645 3437 698 3473 v.
716 3428 798 3473 20.
823 3430 877 3480 et
897 3438 974 3475 vi.
997 3430 1080 3474 29.

384 3495 572 3562 Tangit
594 3500 752 3549 etiam
776 3501 910 3550 hunc
932 3516 1127 3551 morem
1141 3501 1389 3563 Tacitus,

323 3568 510 3624 Annal.
548 3575 585 3625 l.
635 3589 721 3626 ιιι.
754 3576 819 3626 de
841 3577 1047 3627 »Pisone
1084 3586 1327 3642 patronos
1361 3596 1393 3628 a

249 3701 257 3708 ἢ
326 3657 507 3699 senatu
543 3658 782 3715 petente,
817 3659 873 3703 et
905 3655 942 3704 l.
967 3667 1060 3704 κν.
1102 3654 1118 3681 ‘
1140 3654 1215 3704 At
1253 3669 1389 3705 nunc

328 3724 537 3777 colimus
581 3737 824 3778 externos
878 3736 933 3778 et
978 3731 1278 3780 adulamur:
1336 3737 1393 3780 et

328 3804 581 3861 quomodo
616 3805 681 3853 ad
716 3812 894 3854 nutum
939 3806 1157 3870 alicujus
1196 3814 1389 3871 grates,

325 3870 402 3925 ita
422 3881 673 3943 promtius
697 3883 960 3933 accusatio
984 3883 1318 3933 decernitur.’

393 3953 525 4006 Haec
568 3953 743 4023 autem
766 3959 942 4020 verba,
978 3966 1142 4022 sponte
1185 3975 1249 4010 ex
1284 3961 1390 4010 SC.

327 4038 497 4082 secum
531 4041 783 4098 pugnant.
850 4036 1122 4085 Quomodo
1154 4037 1291 4086 enim
1326 4051 1393 4085 ex

329 4101 459 4157 SC.?
493 4109 575 4160 An
609 4111 837 4174 ipsemet
875 4113 1104 4175 Regulus
1136 4112 1395 4177 irrequisi-

330 4181 510 4252 tus,ac
527 4191 687 4251 sponte
709 4187 933 4250 curavit,
964 4194 1024 4236 ut
1056 4188 1154 4237 sibi
1189 4202 1256 4240 ex
1293 4188 1393 4238 Sc.

227 4305 240 4320 ,
329 4261 1002 4328 ιαοιιεειῐίοἶιῇυιιςειεῑιιιὲ
1042 4265 1167 4317 Mea
1191 4265 1396 4329 conjec-

461 4345 639 4411 napa.
664 4349 714 4397 at
743 4344 862 4396 ναν.
885 4346 1020 4397 ctas.

1348 4346 1507 4399 Tacit.

1464 2360 1583 2404 tura
1612 2357 1724 2403 est:
1775 2352 1973 2417 asponis,
2003 2366 2087 2401 nec
2117 2352 2527 2401 senatusconsulto.

1462 2430 1715 2481 Pichena.
1902 2459 1908 2466 »
2535 2473 2540 2477 .

1528 2507 1663 2556 Mihi
1684 2513 1886 2557 certum
1908 2512 2010 2570 est,
2041 2506 2150 2564 illa,
2181 2519 2247 2554 ex
2274 2503 2374 2553 SC.
2412 2503 2530 2555 dolo

1463 2585 1602 2634 malo
1639 2584 1922 2649 irrepsisse.
1989 2584 2123 2633 Nam
2159 2581 2361 2630 Plinius
2384 2582 2419 2631 l.
2443 2594 2530 2632 m.

1466 2660 1622 2728 epist.
1678 2657 1746 2710 de
1794 2659 1952 2709 Silio:
2007 2660 2022 2687 ‘
2048 2659 2280 2707 Laeserat
2338 2655 2530 2705 famam

1464 2751 1608 2787 suam
1630 2738 1724 2788 sub
1745 2738 1982 2788 Nerone:
2018 2735 2327 2787 credebatur
2345 2741 2533 2799 sponte

1466 2814 1774 2864 accusasse!
1843 2815 2054 2863 Colents.

1532 2890 1728 2955 Sponte,
1743 2906 1829 2941 aec
1849 2891 1948 2941 SC.
1964 2891 2100 2941 bono
2120 2889 2331 2955 quidem
2355 2899 2534 2952 sensim

1419 3027 1424 3031 ¹
1466 2967 1559 3017 sed
1582 2981 1684 3017 non
1709 2968 1783 3017 sic
1804 2968 2012 3031 scripsit
2024 2967 2257 3017 Tacitus.
2308 2964 2536 3015 Sufficie-

1469 3043 1564 3093 bat
1593 3044 1790 3094 dixisse
1823 3049 2003 3109 sponte,
2038 3050 2097 3094 ut
2134 3050 2400 3093 constaret
2428 3057 2535 3093 non

1469 3134 1585 3170 esse
1602 3120 1657 3168 id
1675 3121 1725 3168 ei
1743 3121 2190 3171 senatusconsulto
2208 3121 2538 3185 imperatum,

1468 3210 1568 3245 nec
1591 3195 1748 3245 etiam
1776 3196 1988 3261 scripsit
2010 3197 2138 3247 Tac.
2173 3202 2337 3260 sponte
2373 3210 2435 3245 ex
2471 3210 2538 3245 se.

1471 3273 1543 3323 Et
1584 3272 1643 3321 τὸ
1681 3289 1744 3322 ex
1786 3272 1887 3323 Sc,
1916 3288 2094 3323 verum
2136 3272 2440 3337 figmentum
2466 3275 2539 3320 'et

1469 3351 1727 3415 glossema
1749 3356 1829 3400 est
1851 3351 1992 3400 vocis
2024 3356 2202 3414 sponte,
2236 3350 2319 3400 cui
2354 3348 2540 3414 aliquis

1466 3425 1609 3477 forte
1634 3428 1962 3491 ascripserat,
1985 3442 2046 3477 ex
2061 3442 2127 3476 se.
2194 3427 2309 3475 Illae
2330 3440 2542 3474 accusa·

1472 3505 1659 3566 tiones,
1693 3518 1809 3567 quae
1846 3518 1879 3552 a
1909 3510 2092 3552 senatu
2128 3501 2542 3551 decernebantur

1472 3579 1780 3642 oratoribus,
1802 3580 2091 3628 nullatenus
2119 3583 2280 3643 sponte
2301 3578 2410 3626 sola
2432 3592 2542 3625 sus-

1472 3656 1821 3719 cipiebantur,
1861 3656 1952 3705 sed
1996 3654 2406 3720 imperabantur.
2472 3654 2543 3701 Et

1474 3733 1704 3795 quamvis
1726 3732 1987 3793 pravitate
2010 3730 2223 3794 ingenii,
2259 3738 2350 3778 aut
2387 3744 2542 3793 pecu-

1472 3807 1590 3855 liari
1635 3807 1840 3856 ratione
1879 3808 2051 3872 aliqua
2094 3805 2358 3867 inductus,
2397 3810 2543 3854 actor

1473 3875 1605 3930 talia
1621 3882 1915 3943 susciperet
1936 3881 2093 3943 ultro,
2116 3881 2214 3929 hoc
2236 3886 2407 3929 tamen
2430 3879 2544 3943 ipso

1475 3956 1613 4022 quod
1645 3957 1970 4021 jubebantur
1996 3957 2544 4021 demandabanturque

1473 4035 1607 4083 tales
1652 4034 1887 4083 actiones
1931 4049 1962 4083 a
2007 4042 2211 4095 senatu,
2264 4033 2378 4096 jam
2437 4047 2545 4083 uon

1474 4116 1639 4175 sporta
1661 4112 1853 4176 suscipi
1877 4111 2238 4161 censebantur.

1540 4196 1578 4224 ¹²¹
1611 4189 1778 4239 crassi
1820 4189 1967 4252 uxor]
2027 4190 2166 4250 Vox,
2207 4201 2348 4251 uxor,
2392 4186 2547 4236 abest

1477 4267 1630 4316 Rom.
1650 4265 1779 4317 edit.
1801 4265 2105 4317 rectissime.
2154 4264 2260 4315 Vix
2283 4262 2420 4313 enim
2457 4263 2549 4313 ali·
