3050 4917
2453 367 2629 436 2887

426 526 622 592 miles
667 527 737 592 in
780 523 1049 591 arbitrio
1080 524 1370 604 Ducum,
1420 525 1540 590 sed
1592 525 1821 592 Duces
1859 526 2128 593 militari
2155 527 2469 596 violentia
2494 534 2626 596 tra-

422 626 762 696 hebantur.
892 627 1067 708 Quae
1127 630 1468 707 seditiosa,
1528 636 1594 695 et
1650 629 2145 714 corrumpendae
2200 629 2625 718 discipliuae‚²

422 751 591 797 mox
636 732 707 798 in
752 732 1090 817 praedam¹
1130 735 1447 813 vertebat,
1505 733 1669 798 nihil
1717 733 2178 800 adventantem
2229 734 2623 801 Mucianum

419 835 708 920 veritus3
753 837 932 922 quod
978 837 1330 903 exitiosius
1347 846 1374 873 ⁸
1421 842 1588 916 erat,
1644 857 1843 921 quam
1889 835 2384 921 Vespasianum
2441 857 2625 922 spre-

426 383 480 438 ὅ.
504 384 567 436 C.
591 375 699 448 δα]
1091 375 1624 430 ΗῙΒΊὍΒΙΑῙΠῙΗ
1672 378 1822 430 mn.
1869 379 1984 432 111.

423 938 625 1004 visse.

504 1042 616 1107 50.
662 1039 968 1109 Ceterum
1023 1042 1421 1128 propinqua}
1472 1041 1764 1128 hyeme)
1815 1047 1882 1109 et
1925 1043 2346 1111 humentibus
2400 1031 2619 1111 Pado⁰

415 1207 631 1259 sissimus
660 1210 855 1275 quisqito

870 1210 1039 1261 asciti.-
1070 1225 1154 1261 aee
1172 1212 1309 1261 miles
1340 1210 1394 1261 in
1426 1211 1641 1277 obsequio
1661 1226 1777 1276 erga
1794 1213 1950 1278 duces,
1969 1213 2050 1263 sed
2069 1212 2270 1264 militari
2275 1212 2463 1276 ferocia
2482 1214 2621 1264 dum

417 1273 786 1338 abripiebantur.
854 1277 976 1333 Qua
994 1276 1205 1337 turbida,
1237 1281 1285 1327 et
1317 1276 1629 1341 profliganda
1649 1282 1906 1327 castrorum
1934 1279 2177 1329 severitati
2200 1285 2428 1343 reperta,
2458 1282 2621 1343 postea

413 1338 470 1388 ἐκ
489 1341 683 1404 rapinas
700 1339 950 1405 flectebat,
978 1342 1331 1393 mammas
1357 1344 1680 1394 adnuimus
1702 1344 2008 1403 Mucianum5
2043 1346 2165 1410 quod
2189 1344 2497 1409 perniciosam
2514 1347 2621 1394 erat

415 1417 560 1468 quom
588 1408 887 1457 contemsisse
929 1407 977 1462 V
1183 1423 1263 1458 aaa

486 1471 707 1521 Geta-am
738 1471 1012 1523 imasineate
1046 1473 1229 1539 hyeme,
1249 1478 1298 1524 et
1319 1471 1525 1522 humidis
1551 1474 1678 1524 circu
1701 1473 1888 1525 Padum
1907 1474 2070 1539 terris,
2092 1474 2328 1540 expedite
2359 1472 2504 1539 copie
2539 1472 2615 1523 ia·

1342 1618 1698 1641 ‘bomon

417 1737 475 1783 et
491 1731 700 1797 Bipont.
721 1733 984 1800 recipiunt
1011 1734 1252 1788 viam-2
1283 1736 1456 1791 Aliter
1476 1738 1752 1804 distinguit
1768 1738 2026 1804 Ryckius:
2053 1739 2174 1796 Qua·
2192 1737 2431 1802 seditiosa,
2448 1741 2498 1786 et
2517 1751 2616 1786 eor-

412 1800 686 1863 rumpeadoe
702 1801 981 1865 disciplina.
1034 1803 1158 1852 Mox
1176 1803 1229 1853 ia
1244 1806 1473 1868 praedum,
1489 1806 1571 1865 ξε.
1638 1805 1822 1855 Potior
1844 1812 1925 1855 est
1944 1805 2155 1870 vulgata
2176 1803 2456 1867 distinctio,
2470 1802 2614 1853 libris

414 1863 650 1914 omnibus
670 1866 879 1930 scriptis
900 1871 956 1917 et
977 1867 1132 1918 editis
1152 1870 1390 1934 probata.
1455 1870 1672 1920 Brotier.
1712 1889 1719 1894 ·

498 1932 527 1979 1
562 1930 690 1982 Mas.
726 1931 886 1984 Corb.
922 1931 1054 1999 Agr.
1087 1935 1436 2000 propinquante
1466 1936 1659 2000 hyeme,-
1689 1940 1750 1986 ut
1781 1933 1991 1988 volebat
2020 1934 2278 1986 Muretus.

1399 2071 1614 2124 NOTAE

479 2190 502 2218 ⁸
522 2185 590 2235 In
612 2185 849 2251 proedam]
905 2187 1035 2239 Cum
1069 2187 1279 2238 militari
1311 2186 1472 2238 licen-

414 2261 507 2327 tia,
541 2269 595 2314 et
633 2264 720 2315 ubi
758 2266 900 2316 nulla
936 2265 1217 2316 auctoritas
1237 2264 1474 2328 ducibus,

413 2337 593 2390 statim
642 2340 805 2393 intrat
850 2342 1118 2407 predandi
1160 2341 1340 2395 libido.
1402 2342 1474 2394 Et

412 2416 527 2484 quis
554 2432 669 2469 eam
691 2419 955 2482 coerceat,
987 2436 1104 2471 cum
1124 2422 1242 2473 loco
1262 2419 1472 2483 ducum,

411 2495 560 2545 miles
598 2495 837 2563 imperat,
876 2513 969 2549 seu
1013 2499 1189 2563 potins
1229 2498 1470 2551 lascivit?

411 2586 531 2626 eum
587 2572 747 2626 duces
795 2576 1142 2643 melioresque
1190 2577 1470 2641 caligarum

407 2650 660 2703 violentia
678 2653 987 2704 trabuntur?

476 2729 649 2781 Quam
679 2733 895 2795 maan·
916 2736 1089 2783 tamen
1112 2730 1252 2783 forte
1282 2746 1386 2783 non
1418 2732 1469 2782 in

410 2805 580 2857 sinum
616 2822 763 2859 suum
785 2809 1032 2861 vertebat
1051 2810 1346 2872 Antonius;
1375 2810 1472 2860 sed

404 2883 481 2935 sic
525 2890 703 2936 tamen
737 2887 952 2938 militem
1004 2886 1240 2937 mouebat
1292 2886 1473 2952 praeda

406 2961 580 3025 civili3
632 2969 688 3014 et
734 2964 786 3014 in
830 2979 893 3015 eo
936 2965 1255 3015 sceleratior.
1330 2964 1469 3015 Nam

410 3039 527 3105 quis
550 3054 654 3090 non
674 3040 869 3093 defleat
906 3043 1200 3108 provincias
1223 3046 1472 3107 vastatas,

404 3117 655 3181 spoliatos
668 3120 854 3183 socios,
869 3119 1123 3184 Rempub.
1135 3119 1436 3169 exhaustam
1449 3118 1469 3168 ἒ

405 3202 487 3262 ut,
509 3197 624 3249 scil.
657 3197 725 3249 ad
756 3198 917 3251 breve
953 3204 1161 3264 tempus
1194 3197 1471 3248 lasciviant

404 3274 622 3343 caligam
665 3282 723 3329 et
761 3274 966 3329 frustra
989 3277 1194 3331 satiare
1214 3275 1346 3327 velis
1387 3279 1471 3327 tot

400 3352 563 3405 millia
599 3355 955 3422 caligatorum.

471 3432 537 3483 In
570 3434 808 3499 pradum]
871 3434 1118 3498 Vertun't,
1159 3434 1306 3500 quasi
1340 3447 1467 3498 opes

401 3510 517 3561 illas
538 3511 592 3561 in
625 3511 792 3578 sinum
826 3527 973 3563 suum
996 3518 1247 3574 verteret,
1268 3512 1465 3577 sibique

387 3587 502 3638 'soli
519 3589 770 3653 haberet3
805 3590 944 3656 quod
966 3595 1142 3640 tamen
1162 3590 1464 3640 indistincte

399 3665 554 3719 simul
577 3667 711 3719 etde
731 3668 898 3719 milite
914 3668 1214 3718 sumendum
1233 3667 1351 3731 fuit,
1364 3667 1467 3731 eui,

398 3743 512 3795 scil.
553 3743 692 3796 bello
734 3746 872 3797 civili
912 3746 1024 3810 plus
1059 3744 1271 3803 licebat,
1312 3757 1466 3808 quam

381 3820 653 3873 ‘ducibusz
707 3821 825 3873 ideo
861 3822 915 3872 in
954 3822 1312 3871 civilia‘arma
1351 3834 1465 3870 rue-

379 3895 551 3964 bant,
584 3905 646 3950 ut
679 3900 852 3952 omnia
871 3898 970 3949 sibi
989 3912 1145 3964 agere
1166 3905 1221 3948 et
1242 3897 1383 3948 ferre
1406 3896 1465 3947 li·

379 3982 569 4028 'ceret-

379 4063 386 4066 “
465 4060 490 4088 ¹
514 4054 657 4112 Quod
689 4053 962 4118 exitiosum
1027 4055 1190 4107 Certe
1212 4052 1463 4118 periculo·

396 4132 507 4183 sius
527 4138 609 4183 est
623 4133 887 4185 lacessisse
901 4146 1087 4198 pravos
1098 4131 1462 4183 dominationis

396 4210 696 4277 magistros,
731 4225 884 4277 quam
932 4210 1103 4274 ipsum
1141 4209 1460 4274 principem:

396 4289 688 4357 multosque
709 4287 1053 4341 nobilissimos
1090 4287 1228 4339 viros
1267 4287 1464 4341 occidit

1554 2186 1845 2253 Mucianus,
1864 2186 2021 2238 etiam
2039 2201 2142 2237 non
2164 2186 2400 2237 consulto
2415 2185 2614 2251 Vespa·

1552 2264 1728 2328 siano;
1758 2266 1869 2316 sive
1890 2265 1987 2315 sibi
2014 2264 2124 2315 sive
2144 2263 2220 2313 illi
2239 2264 2367 2314 talia
2395 2277 2618 2315 commo·

1553 2341 1703 2392 daret
1723 2342 1957 2403 crimina,
1976 2340 2086 2391 sive
2128 2342 2264 2391 ultro
2298 2337 2520 2404 principi
2543 2338 2618 2387 in·

1553 2420 1848 2470 nocentiam
1891 2418 2229 2479 condonaret,
2268 2423 2324 2466 et
2366 2416 2612 2467 invidiam

1555 2497 1731 2548 talium
1746 2494 2031 2546 facinorum
2048 2494 2102 2544 in
2119 2510 2175 2544 se
2192 2494 2429 2546 consulto
2446 2501 2612 2544 trans·

1551 2575 1736 2629 ferret.

1615 2653 1805 2705 Statim
1818 2653 2013 2705 occidit
2029 2651 2248 2704 fratrem
2259 2649 2477 2714 Vitellii,
2491 2649 2613 2702 dein

1552 2736 1609 2781 et
1661 2730 1820 2781 filium
1869 2731 2023 2782 illius.
2119 2730 2280 2780 Forte
2314 2735 2373 2778 et
2405 2728 2612 2779 tribuno

1551 2807 1714 2873 ipsius
1734 2807 1937 2859 Vitellii
1966 2806 2214 2873 principis
2235 2804 2430 2856 eedem
2450 2804 2613 2868 impe·

1551 2891 1711 2939 rarat.
1776 2886 1961 2936 Donat
2008 2885 2215 2935 illustres
2252 2883 2611 2948 capuanorum

1548 2964 1757 3031 qfflictoe.
1822 2964 1952 3028 Ejus
1992 2963 2146 3028 jussu
2193 2960 2504 3012 interficitur
2547 2960 2610 3010 L.

1552 3043 1678 3094 Piso
1722 3042 1998 3108 proconsul
2040 3039 2260 3092 Αἰγίου.
2335 3036 2610 3089 Occiditur

1550 3126 1607 3171 et
1628 3121 1937 3186 Calpurnius
1960 3118 2266 3170 Galerianus
2282 3115 2419 3166 filius
2440 3116 2500 3167 C.
2523 3114 2613 3166 Pi-

1548 3210 1702 3248 sonis.

1615 3276 1688 3325 Et
1721 3271 1861 3340 quod
1900 3270 2186 3337 arguebant
2219 3271 2274 3321 in
2296 3269 2510 3321 Nerone
2548 3283 2612 3319 ac

1551 3351 1767 3405 vitatio
1788 3348 2018 3401 Flaviani
2038 3347 2134 3419 ipsi
2155 3346 2455 3412 patrabant,
2475 3349 2491 3374 ‘
2506 3360 2614 3396 ma-

1549 3429 1627 3495 gis
1666 3429 1755 3481 alii
1807 3426 2041 3477 homines
2077 3439 2233 3490 quam
2273 3424 2362 3475 alii
2401 3420 2609 3475 mores!

1547 3507 1764 3559 Prolixe
1785 3504 2030 3557 censebat
2044 3503 2200 3553 etiam
2216 3502 2493 3553 Mucianus
2513 3516 2610 3567 pro

1546 3584 1880 3646 delatoribus,
1921 3580 2133 3631 fovebat
2152 3579 2351 3641 Vibios‚
2383 3580 2610 3631 Marcel-

1544 3666 1641 3727 los,
1672 3671 1730 3714 et
1767 3661 1955 3713 similia
1988 3660 2143 3724 Reip.
2179 3657 2410 3725 flagitia=
2443 3674 2607 3726 usque

1545 3743 1678 3794 adeo
1718 3739 1867 3791 malis
1908 3737 2158 3788 ministris
2207 3737 2364 3786 etiam
2407 3737 2609 3803 indiget

1547 3820 1759 3872 ambitio
1778 3825 1836 3870 et
1851 3833 1985 3867 nova
1994 3815 2297 3866 dominatio.

1609 3897 1635 3933 b
1654 3896 1929 3960 Propinqua
1968 3892 2156 3958 hyeme]
2189 3892 2416 3959 Nempe,
2433 3905 2610 3944 mense

1547 3976 1863 4048 Novembri.-

1607 4061 1631 4089 θ
1664 4051 1984 4104 limacibus
2002 4045 2161 4112 Pado]
2194 4049 2354 4099 Forte
2377 4047 2608 4100 exunda-

1543 4140 1697 4185 verat
1717 4131 1915 4195 Padus,
1936 4135 1993 4179 et
2006 4129 2204 4180 vicinos
2223 4141 2375 4192 agros
2390 4127 2606 4194 viasque

1543 4211 1881 4278 impleverat:
1936 4207 2078 4274 quod
2137 4206 2284 4272 gravi
2343 4206 2606 4272 legionum

1543 4289 1738 4356 agmini
1757 4286 2002 4340 infestum
2024 4285 2352 4352 etiniquum.
