3050 4917
2347 334 2527 406 3118

311 521 440 572 nos
462 519 666 581 arma,
690 517 1063 587 propexum
1078 502 1098 532 ¹
1127 497 1600 583 rutilatumque
1630 498 1946 579 crinem?
1966 504 2229 584 patrata
2251 499 2521 568 demum

316 605 506 672 caede
529 606 887 689 legionum,
910 602 1239 688 deposuit.
1315 602 1403 667 Et
1430 602 1778 681 ferebatur,
1809 606 2089 688 parvulo
2120 605 2286 671 filio¹
2316 625 2524 690 quos-

315 709 473 774 dam
502 709 941 793 captivorum,
965 706 1223 789 sagittis
1241 706 1627 791 jaculisque
1656 710 2021 792 puerilibus
2049 708 2371 792 figendos,
2400 710 2520 774 ob-

313 813 565 877 tulisse.
653 810 959 876 Ceterum
998 816 1213 895 'neque
1267 829 1363 887 se,
1392 828 1609 893 neque
1649 821 2021 895 quenquam
2053 812 2415 892 Batavum,
2451 811 2521 875 in

312 915 518 981 verba
546 914 918 980 Galliarum
968 912 1225 995 adegit:
1272 910 1439 976 fisus
1463 910 1942 978 Germanorum
1993 916 2277 998 opibus:
2326 922 2416 994 et,
2463 915 2525 980 si

312 1018 700 1084 certandum
727 1011 1047 1081 adversus
1076 1013 1312 1079 Gallos
1353 1015 1436 1079 de
1482 1018 1905 1100 possessione
1955 1038 2167 1082 rerum
2198 1018 2388 1097 foret,
2421 1018 2520 1083 in·

312 1122 534 1207 clytus
561 1121 742 1187 fama
769 1123 838 1184 et
861 1120 1099 1204 potior.
1189 1117 1555 1184 Mummius
1585 1106 1958 1212 LupercuS‚
1991 1122 2282 1206 Legatus
2311 1123 2520 1206 legio-

308 1225 438 1305 niS,
497 1227 666 1290 inter
703 1225 882 1290 dona
932 1226 1179 1289 missus
1208 1222 1510 1291 Veledae.
1601 1224 1706 1289 Ea
1755 1226 1942 1309 virgo
1990 1227 2278 1291 nationis
2307 1226 2519 1293 Bruc-

310 1331 476 1394 terae
518 1329 651 1395 late
694 1327 1120 1414 imperitabat
1143 1333 1204 1389 τ’
1245 1331 1465 1392 vetere
1509 1325 1687 1412 apud
1718 1326 2091 1393 Germanos
2135 1348 2341 1409 more,
2388 1345 2522 1414 quo

265 379 270 384 ·
313 331 615 422 J.c.ro.]“
1002 343 1534 402 ms'ronuutum
1586 350 1731 401 ma.
1778 352 1883 400 iv.

305 1525 496 1575 manico
512 1529 757 1597 summost
771 1528 1034 1587 susceptum
1054 1524 1105 1572 in
1128 1524 1364 1573 Romanos
1384 1523 1569 1586 bellum,
1597 1524 1876 1588 promissum
1896 1526 2179 1590 rutilumque
2201 1526 2521 1578 ostentabat.

310 1590 385 1639 Et
404 1590 665 1655 dicebatur,
684 1591 851 1639 tenello
856 1589 967 1655 filio
988 1589 1254 1640 exhibuisse
1273 1591 1518 1640 manlios
1533 1589 1841 1654 captivorum,
1873 1590 2129 1640 „sinilibus
2148 1594 2346 1655 telisque
2381 1593 2520 1656 pueri

304 1655 653 1712 confodiendos.
719 1656 872 1704 Porro
904 1669 1050 1718 neque
1086 1668 1153 1716 se,
1186 1670 1333 1719 neque
1363 1656 1509 1704 ullum
1550 1655 1812 1718 Batavum,
1830 1662 2120 1706 sacramento
2146 1656 2419 1707 Galliarum
2440 1656 2520 1706 ob·

305 1720 715 1787 strinxitefflens
747 1720 1087 1770 Germanorum
1125 1720 1304 1783 copiis5
1336 1726 1404 1784 et,
1438 1721 2054 1785 sipugsandumadverm
2078 1722 2520 1774 Gedusanum

306 1801 473 1836 reram
483 1786 639 1849 soret,
671 1784 1038 1849 illustr-issam,
1056 1790 1104 1835 et
1126 1787 1344 1835 validior.
1411 1786 1629 1836 Mumius
1644 1786 1901 1851 lupercus,
1925 1789 2112 1850 legatus
2132 1788 2350 1852 legionis,
2391 1789 2521 1838 inter

305 1865 506 1902 usuum
525 1852 727 1903 Velledoe
746 1851 913 1903 misma
943 1857 1041 1901 est.
1111 1850 1189 1901 Ea
1210 1849 1345 1914 virgo
1363 1852 1527 1923 gentis
1565 1852 1817 1901 Bructerae
1853 1853 1948 1902 late
1967 1853 2331 1903 dominabatur.-
2358 1853 2519 1919 prisco

1239 1991 1594 2012 OOOmNON‘

381 2100 409 2147 1
445 2095 534 2149 Sic
554 2096 688 2150 bene
712 2071 842 2150 Mas.
868 2097 1020 2150 Harl.
1041 2097 1194 2151 Bodl.
1218 2096 1331 2184 jes.
1352 2098 1674 2150 Puteolanus
1699 2105 1755 2150 et
1776 2099 2115 2151 recentiores.
2181 2097 2244 2152 In
2266 2098 2369 2150 Ms.
2390 2099 2523 2163 Reg.

1311 2286 1527 2356 nom:

306 2415 565 2480 Gradive,
584 2418 850 2471 vovebat!

379 2497 522 2550 Quin
535 2501 540 2506 '
555 2504 614 2549 et
634 2498 854 2548 Romani
876 2503 1193 2564 usurparunt
1224 2498 1379 2549 inter-

305 2574 457 2639 dum,
476 2580 539 2625 ut
556 2573 725 2628 Julius
758 2576 953 2638 Caesar,
972 2576 1041 2626 de
1074 2590 1176 2642 quo
1197 2577 1381 2627 Sueto·

303 2646 429 2701 nius
468 2651 644 2716 capite
684 2655 770 2702 6⁷.
820 2653 838 2680 ‘
856 2651 1132 2717 Diligebat
1172 2665 1380 2717 quoque

303 2727 507 2780 milites
538 2742 701 2793 usque
732 2728 884 2790 adeo,
916 2727 1199 2791 ut,‚audita
1228 2729 1378 2780 clade

300 2799 597 2867 Tituriana,
622 2803 835 2854 barbam
869 2804 1217 2870 capillumque
1259 2805 1377 2856 sub·

302 2881 536 2947 miserit,
586 2893 686 2933 nec
736 2888 859 2934 ante
904 2882 1174 2946 deraserit,
1222 2897 1377 2948 quam

303 2959 665 3011 vindicasset!
728 2959 942 3025 Lipsius.

378 3044 412 3069 w
434 3037 706 3101 Propmm
718 3038 1055 3102 rutilatumque
1075 3035 1276 3101 crinon]
1309 3037 1374 3087 Id

301 3113 496 3165 habuit
515 3112 653 3164 forte
689 3130 720 3164 a
750 3122 959 3178 natura,
994 3122 1054 3165 ut
1085 3115 1271 3165 rutilus
1308 3116 1378 3177 ei,

302 3207 406 3244 seu
442 3191 628 3256 flavu's,
671 3192 893 3256 capillus
935 3199 1111 3244 esset:
1166 3207 1265 3244 nec
1308 3195 1375 3243 ob

304 3270 514 3320 luctum
527 3277 618 3318 aut
636 3282 909 3320 moerorem
927 3268 1167 3322 submisit
1182 3270 1377 3320 crinem

305 3344 515 3408 Civilis,
537 3344 631 3395 sed
652 3345 704 3394 in
722 3358 959 3409 magnam
977 3359 1146 3410 spem,
1168 3353 1222 3395 et
1256 3352 1377 3396 voto

302 3422 518 3486 ingenti
552 3422 763 3472 ultionis
799 3424 854 3472 in
889 3424 1179 3485 Romanos3
1229 3424 1376 3489 cujus

306 3514 528 3564 compos
550 3499 740 3563 factus,
761 3501 957 3551 crinem
988 3500 1199 3552 taudem
1223 3501 1380 3566 depo-

306 3578 437 3640 suit,
481 3592 633 3643 quem
685 3584 811 3628 voto
858 3578 1189 3642 submiserat,
1233 3595 1377 3630 more

305 3656 603 3719 Cattorum,
636 3670 702 3704 ex
742 3654 929 3720 qtiibus
953 3662 1187 3706 traxerat
1221 3656 1375 3721 origi·

306 3747 454 3784 nem.

359 3817 407 3844 ·¹
448 3811 660 3861 Parvula
686 3809 823 3877 filio]
879 3808 1058 3860 Civilis
1113 3810 1391 3862 Hanniba-.

299 3888 417 3939 ’lem
435 3902 494 3939 se
516 3886 743 3952 ferebat,
773 3887 927 3937 simili
948 3888 1050 3937 oris
1071 3887 1378 3939 debonesta-

306 3971 508 4054 mm·
543 3964 809 4016 Hannibal
848 3963 1027 4014 statim
1051 3980 1082 4014 a
1104 3978 1265 4029 puero
1287 3965 1381 4017 im·

307 4044 474 4095 butus
515 4042 765 4108 sanguine
810 4043 1174 4106 Romanorum,
1195 4056 1379 4092 sacra·

309 4128 594 4189 mentoque
630 4121 697 4170 ad
720 4136 840 4171 aras
872 4121 925 4170 in
948 4120 1128 4184 populi
1161 4120 1378 4170 Romani

307 4199 601 4250 immortale
637 4198 812 4249 odium
847 4197 1131 4247 obstrictus
1154 4213 1186 4246 a
1223 4203 1376 4262 patre

310 4282 463 4329 erat:
496 4275 573 4329 sic
610 4283 669 4328 et
699 4275 879 4327 ‘statim
899 4274 994 4326 tali
1023 4274 1147 4325 odio
1187 4274 1380 4327 imbuit

1458 2420 1729 2484 parvulum
1743 2419 1904 2470 filium
1923 2413 2197 2481 Civilis‚tie
2213 2416 2269 2468 id
2285 2415 2524 2468 dediscat

1457 2512 1701 2562 unquam,
1722 2497 1861 2563 quod
1884 2497 2103 2561 primum
2116 2507 2334 2546 nascens
2354 2493 2525 2544 hausit

1457 2590 1488 2625 a
1505 2581 1677 2639 patre,
1695 2582 1749 2624 et
1772 2575 1917 2625 velut
1937 2589 1969 2623 a
1992 2580 2180 2623 natura
2201 2573 2328 2637 ipsa.

1522 2658 1546 2695 5
1579 2652 1663 2701 Ea
1709 2652 1846 2715 virgo
1884 2652 2096 2701 nationis
2135 2650 2388 2699 Bnoeterae
2427 2649 2522 2697 late

1456 2728 1786 2793 imperitabat]
1833 2729 2079 2792 Vertunt,
2112 2726 2258 2793 quasi
2294 2741 2350 2776 ea
2384 2725 2524 2787 virgo

1456 2808 1659 2872 ingenti
1682 2807 1881 2873 regioni
1920 2814 2012 2858 aut
2040 2804 2323 2872 provinciae
2361 2802 2522 2852 domi-

1456 2891 1688 2945 naretur,
1716 2891 1773 2936 et
1794 2885 1936 2950 quasi
1961 2893 2127 2934 terras
2148 2882 2253 2932 late
2292 2878 2522 2945 posside-

1458 2970 1542 3013 ret
1564 2963 1615 3012 in
1641 2963 1955 3014 Germania:
1991 2961 2129 3026 qnod
2150 2958 2359 3009 falsum.

1522 3040 1683 3104 Puto,
1702 3041 1799 3089 late
1835 3037 2141 3103 imperitabat
2178 3035 2345 3098 virgo,
2374 3047 2523 3083 sanc-

1456 3120 1610 3169 titate
1645 3132 1854 3183 nempe,
1896 3115 2246 3179 veneratione,
2282 3120 2338 3164 et
2360 3110 2524 3173 fama3

1455 3211 1555 3248 nec
1590 3197 1644 3246 in
1665 3210 1770 3246 una
1791 3193 2064 3260 provincia
2085 3198 2307 3255 tantum,
2341 3188 2432 3240 sed
2465 3195 2523 3240 et

1454 3272 1507 3321 in
1544 3278 1657 3323 tota
1694 3271 1998 3333 Germania,
2037 3276 2094 3320 et
2125 3270 2282 3320 etiam
2307 3266 2521 3328 Gallia3

1454 3348 1746 3414 praesertim
1786 3347 2009 3396 durante
2042 3346 2132 3395 illo
2169 3351 2335 3406 motu,
2370 3342 2522 3408 cujus

1457 3427 1587 3478 socii
1607 3426 1993 3492 participesque
2034 3422 2194 3473 Galli.
2257 3424 2391 3471 Late
2429 3419 2521 3469 im·

1456 3503 1723 3568 peritabat
1765 3502 1879 3565 ipsa
1915 3498 2232 3549 auctoritate
2276 3503 2333 3546 et
2380 3494 2520 3545 fama
2588 3531 2597 3541 .

1454 3582 1800 3641 oraculorum,
1821 3578 1944 3643 quia
1971 3591 2161 3641 nempe
2192 3577 2310 3639 ipsa
2342 3576 2356 3602 ‘
2372 3585 2521 3639 pros-

1459 3673 1613 3722 peras
1621 3657 1895 3708 Germanis
1915 3669 1996 3704 res
2013 3662 2069 3705 et
2086 3652 2342 3704 excidium
2359 3652 2520 3716 legio-

1455 3749 1578 3785 num
1600 3733 1947 3799 praedixerau’

1520 3812 1597 3864 At
1634 3820 1780 3863 certe
1819 3809 1958 3861 forte
1983 3809 2282 3875 possidebat
2316 3815 2519 3862 tantam

1456 3890 1643 3940 turrim
1664 3904 1826 3950 snam,
1864 3890 1926 3939 ad
1949 3903 2100 3953 quam
2140 3886 2267 3935 nulli
2303 3885 2521 3949 patebat

1456 3967 1648 4029 aditus,
1670 3966 1768 4016 nisi
1806 3964 2074 4026 fratribus,
2109 3970 2124 3993 ‘
2150 3979 2251 4030 quo
2274 3965 2392 4027 plus
2433 3976 2520 4012 ve·
2608 3963 2621 3973 ‘

1458 4043 1746 4094 net-ationis
1768 4041 1999 4092 inesset!
2047 4042 2179 4091 *Non
2197 4042 2249 4090 id
2265 4041 2356 4105 jus
2380 4040 2523 4105 prin-⁷

1457 4121 1653 4186 cipum,
1688 4127 1746 4170 ut
1784 4120 2065 4170 sanctitate
2111 4121 2391 4182 imperent,
2423 4116 2519 4166 sed

1457 4198 1759 4262 Numinum,
1811 4203 1902 4248 aut
1956 4202 2102 4248 certe
2148 4193 2387 4245 Numinis
2439 4194 2518 4243 in·

1455 4274 1856 4328 ter-nuntiorum.
1896 4274 2024 4330 Tac.
2067 4272 2248 4326 Germ.
2293 4275 2343 4323 8.
2392 4270 2408 4300 ‘
2431 4270 2520 4323 ln-
