<?xml version="1.0" encoding="UTF-8"?>
<!DOCTYPE html PUBLIC "-//W3C//DTD XHTML 1.0 Transitional//EN"
    "http://www.w3.org/TR/xhtml1/DTD/xhtml1-transitional.dtd">
<html xmlns="http://www.w3.org/1999/xhtml" xml:lang="en" lang="en">
 <head>
  <title>
</title>
<meta http-equiv="Content-Type" content="text/html;charset=utf-8" />
  <meta name='ocr-system' content='tesseract 3.04.00' />
  <meta name='ocr-capabilities' content='ocr_page ocr_carea ocr_par ocr_line ocrx_word'/>
</head>
<body>
  <div class='ocr_page' id='page_1' title='image "./operaomnia06tacigoog_0362.png"; bbox 0 0 3050 4917; ppageno 0'>
   <div class='ocr_carea' id='block_1_1' title="bbox 498 429 673 505">
    <p class='ocr_par' dir='ltr' id='par_1_1' title="bbox 498 429 673 505">
     <span class='ocr_line' id='line_1_1' title="bbox 498 429 673 505; baseline 0 0"><span class='ocrx_word' id='word_1_1' title='bbox 498 429 673 505; x_wconf 75' lang='grc'>3094</span> 
     </span>
    </p>
   </div>
   <div class='ocr_carea' id='block_1_2' title="bbox 1207 417 1989 496">
    <p class='ocr_par' dir='ltr' id='par_1_2' title="bbox 1207 417 1989 496">
     <span class='ocr_line' id='line_1_2' title="bbox 1207 417 1989 496; baseline -0.006 -1"><span class='ocrx_word' id='word_1_2' title='bbox 1207 445 1270 495; x_wconf 91' lang='lat' dir='ltr'><strong>c.</strong></span> <span class='ocrx_word' id='word_1_3' title='bbox 1316 442 1684 496; x_wconf 66' lang='lat' dir='ltr'><strong>comtum</strong></span> <span class='ocrx_word' id='word_1_4' title='bbox 1733 417 1989 492; x_wconf 72' lang='lat' dir='ltr'><strong>‘rAcrr&#39;r</strong></span> 
     </span>
    </p>
   </div>
   <div class='ocr_carea' id='block_1_3' title="bbox 2378 425 2789 513">
    <p class='ocr_par' dir='ltr' id='par_1_3' title="bbox 2378 425 2789 513">
     <span class='ocr_line' id='line_1_3' title="bbox 2378 425 2789 513; baseline 0 -16"><span class='ocrx_word' id='word_1_5' title='bbox 2378 444 2478 513; x_wconf 81' lang='grc' dir='ltr'><strong>[Α.</strong></span> <span class='ocrx_word' id='word_1_6' title='bbox 2502 443 2573 498; x_wconf 77' lang='lat' dir='ltr'><strong>u.</strong></span> <span class='ocrx_word' id='word_1_7' title='bbox 2598 450 2717 498; x_wconf 70' lang='lat' dir='ltr'><strong>ses.</strong></span> <span class='ocrx_word' id='word_1_8' title='bbox 2782 425 2789 430; x_wconf 77' lang='grc'><em>’</em></span> 
     </span>
    </p>
   </div>
   <div class='ocr_carea' id='block_1_4' title="bbox 400 588 2725 888">
    <p class='ocr_par' dir='ltr' id='par_1_4' title="bbox 400 588 2725 888">
     <span class='ocr_line' id='line_1_4' title="bbox 400 588 2725 682; baseline -0.004 -19"><span class='ocrx_word' id='word_1_9' title='bbox 400 611 404 618; x_wconf 78' lang='grc'>’</span> <span class='ocrx_word' id='word_1_10' title='bbox 499 594 846 682; x_wconf 80' lang='lat' dir='ltr'><strong>Equestris</strong></span> <span class='ocrx_word' id='word_1_11' title='bbox 889 591 1136 659; x_wconf 79' lang='lat' dir='ltr'><strong>ordinis</strong></span> <span class='ocrx_word' id='word_1_12' title='bbox 1164 591 1405 670; x_wconf 81' lang='lat' dir='ltr'><strong>virum,</strong></span> <span class='ocrx_word' id='word_1_13' title='bbox 1452 590 1573 656; x_wconf 88' lang='lat' dir='ltr'><strong>sed</strong></span> <span class='ocrx_word' id='word_1_14' title='bbox 1608 589 1997 669; x_wconf 84' lang='lat' dir='ltr'><strong>auctoritate</strong></span> <span class='ocrx_word' id='word_1_15' title='bbox 2029 588 2343 674; x_wconf 81' lang='lat' dir='ltr'><strong>famaque</strong></span> <span class='ocrx_word' id='word_1_16' title='bbox 2372 590 2540 655; x_wconf 89' lang='lat' dir='ltr'><strong>inter</strong></span> <span class='ocrx_word' id='word_1_17' title='bbox 2565 607 2725 673; x_wconf 80' lang='lat' dir='ltr'><strong>pro-</strong></span> 
     </span>
     <span class='ocr_line' id='line_1_5' title="bbox 499 683 2719 778; baseline -0.004 -14"><span class='ocrx_word' id='word_1_18' title='bbox 499 718 701 774; x_wconf 76' lang='lat' dir='ltr'><strong>cereS.</strong></span> <span class='ocrx_word' id='word_1_19' title='bbox 786 694 898 761; x_wconf 89' lang='lat' dir='ltr'><strong>Ab</strong></span> <span class='ocrx_word' id='word_1_20' title='bbox 923 703 1034 761; x_wconf 88' lang='lat' dir='ltr'><strong>eo²</strong></span> <span class='ocrx_word' id='word_1_21' title='bbox 1065 696 1386 760; x_wconf 87' lang='lat' dir='ltr'><strong>contracti</strong></span> <span class='ocrx_word' id='word_1_22' title='bbox 1418 694 1840 778; x_wconf 82' lang='lat' dir='ltr'><strong>Haruspices</strong></span> <span class='ocrx_word' id='word_1_23' title='bbox 1881 709 2212 771; x_wconf 84' lang='lat' dir='ltr'><strong>monuere,</strong></span> <span class='ocrx_word' id='word_1_24' title='bbox 2260 697 2280 726; x_wconf 91' lang='lat'>‘</span> <span class='ocrx_word' id='word_1_25' title='bbox 2311 698 2389 758; x_wconf 88' lang='lat' dir='ltr'><strong>ut</strong></span> <span class='ocrx_word' id='word_1_26' title='bbox 2417 683 2719 775; x_wconf 63' lang='lat' dir='ltr'><strong>reliquias</strong></span> 
     </span>
     <span class='ocr_line' id='line_1_6' title="bbox 498 793 2722 888; baseline -0.004 -21"><span class='ocrx_word' id='word_1_27' title='bbox 498 802 742 888; x_wconf 87' lang='lat' dir='ltr'><strong>prioris</strong></span> <span class='ocrx_word' id='word_1_28' title='bbox 784 800 1066 868; x_wconf 69' lang='lat' dir='ltr'><strong>delubriv</strong></span> <span class='ocrx_word' id='word_1_29' title='bbox 1110 801 1178 863; x_wconf 92' lang='lat' dir='ltr'><strong>in</strong></span> <span class='ocrx_word' id='word_1_30' title='bbox 1223 797 1507 883; x_wconf 85' lang='lat' dir='ltr'><strong>paludes</strong></span> <span class='ocrx_word' id='word_1_31' title='bbox 1562 796 1988 862; x_wconf 81' lang='lat' dir='ltr'><strong>aveherentur</strong></span> <span class='ocrx_word' id='word_1_32' title='bbox 2007 803 2061 860; x_wconf 83' lang='lat'><strong>:³—</strong></span> <span class='ocrx_word' id='word_1_33' title='bbox 2117 796 2433 879; x_wconf 84' lang='lat' dir='ltr'><strong>templum</strong></span> <span class='ocrx_word' id='word_1_34' title='bbox 2482 793 2722 860; x_wconf 83' lang='lat' dir='ltr'><strong>iisdem</strong></span> 
     </span>
    </p>
   </div>
   <div class='ocr_carea' id='block_1_5' title="bbox 496 967 2724 1109">
    <p class='ocr_par' dir='ltr' id='par_1_5' title="bbox 496 967 2724 1109">
     <span class='ocr_line' id='line_1_7' title="bbox 500 967 2724 1039; baseline -0.005 -12"><span class='ocrx_word' id='word_1_35' title='bbox 500 977 673 1028; x_wconf 72' lang='lat' dir='ltr'><strong>honore</strong></span> <span class='ocrx_word' id='word_1_36' title='bbox 692 980 741 1026; x_wconf 77' lang='lat' dir='ltr'><strong>et</strong></span> <span class='ocrx_word' id='word_1_37' title='bbox 761 975 1046 1030; x_wconf 72' lang='lat' dir='ltr'><strong>auctoritate</strong></span> <span class='ocrx_word' id='word_1_38' title='bbox 1066 976 1192 1025; x_wconf 78' lang='lat' dir='ltr'><strong>inter</strong></span> <span class='ocrx_word' id='word_1_39' title='bbox 1211 974 1439 1039; x_wconf 70' lang='lat' dir='ltr'><strong>primores</strong></span> <span class='ocrx_word' id='word_1_40' title='bbox 1479 973 1782 1024; x_wconf 75' lang='lat' dir='ltr'><strong>excelleret.</strong></span> <span class='ocrx_word' id='word_1_41' title='bbox 1847 970 1925 1021; x_wconf 72' lang='lat' dir='ltr'><strong>Ab</strong></span> <span class='ocrx_word' id='word_1_42' title='bbox 1946 971 2030 1020; x_wconf 81' lang='lat' dir='ltr'><strong>illo</strong></span> <span class='ocrx_word' id='word_1_43' title='bbox 2067 970 2310 1021; x_wconf 71' lang='lat' dir='ltr'><strong>convocati</strong></span> <span class='ocrx_word' id='word_1_44' title='bbox 2343 969 2613 1033; x_wconf 74' lang='lat' dir='ltr'><strong>haruspices</strong></span> <span class='ocrx_word' id='word_1_45' title='bbox 2621 967 2724 1030; x_wconf 73' lang='lat' dir='ltr'><strong>jus·</strong></span> 
     </span>
     <span class='ocr_line' id='line_1_8' title="bbox 496 1034 2724 1109; baseline -0.005 -16"><span class='ocrx_word' id='word_1_46' title='bbox 496 1058 616 1108; x_wconf 76' lang='lat' dir='ltr'><strong>sere,</strong></span> <span class='ocrx_word' id='word_1_47' title='bbox 637 1050 704 1098; x_wconf 83' lang='lat' dir='ltr'><strong>ut</strong></span> <span class='ocrx_word' id='word_1_48' title='bbox 718 1054 832 1109; x_wconf 83' lang='lat' dir='ltr'><strong>quae</strong></span> <span class='ocrx_word' id='word_1_49' title='bbox 853 1047 1164 1106; x_wconf 88' lang='lat' dir='ltr'><strong>supererant</strong></span> <span class='ocrx_word' id='word_1_50' title='bbox 1187 1041 1416 1091; x_wconf 81' lang='lat' dir='ltr'><strong>materiae</strong></span> <span class='ocrx_word' id='word_1_51' title='bbox 1441 1038 1638 1089; x_wconf 84' lang='lat' dir='ltr'><strong>veteris</strong></span> <span class='ocrx_word' id='word_1_52' title='bbox 1660 1036 1862 1106; x_wconf 90' lang='lat' dir='ltr'><strong>templi,</strong></span> <span class='ocrx_word' id='word_1_53' title='bbox 1879 1041 2270 1101; x_wconf 85' lang='lat' dir='ltr'><strong>asportarentur</strong></span> <span class='ocrx_word' id='word_1_54' title='bbox 2292 1037 2345 1084; x_wconf 92' lang='lat' dir='ltr'><strong>in</strong></span> <span class='ocrx_word' id='word_1_55' title='bbox 2364 1036 2540 1097; x_wconf 89' lang='lat' dir='ltr'><strong>lacns;</strong></span> <span class='ocrx_word' id='word_1_56' title='bbox 2581 1034 2724 1083; x_wconf 87' lang='lat' dir='ltr'><strong>delu-</strong></span> 
     </span>
    </p>
   </div>
   <div class='ocr_carea' id='block_1_6' title="bbox 1429 1166 1785 1187">
    <p class='ocr_par' dir='ltr' id='par_1_6' title="bbox 1429 1166 1785 1187">
     <span class='ocr_line' id='line_1_9' title="bbox 1429 1166 1785 1187; baseline -0.006 0"><span class='ocrx_word' id='word_1_57' title='bbox 1429 1166 1785 1187; x_wconf 58' lang='lat' dir='ltr'><strong>‘OO‘O‘OO‘OOO</strong></span> 
     </span>
    </p>
   </div>
   <div class='ocr_carea' id='block_1_7' title="bbox 495 1211 2724 1433">
    <p class='ocr_par' dir='ltr' id='par_1_7' title="bbox 495 1211 2724 1433">
     <span class='ocr_line' id='line_1_10' title="bbox 495 1211 2724 1329; baseline -0.003 -26"><span class='ocrx_word' id='word_1_58' title='bbox 495 1230 598 1303; x_wconf 54' lang='lat' dir='ltr'><strong>...h</strong></span> <span class='ocrx_word' id='word_1_59' title='bbox 631 1254 736 1305; x_wconf 76' lang='lat' dir='ltr'><strong>Ma.</strong></span> <span class='ocrx_word' id='word_1_60' title='bbox 760 1252 919 1304; x_wconf 87' lang='lat' dir='ltr'><strong>Corb.</strong></span> <span class='ocrx_word' id='word_1_61' title='bbox 959 1211 1036 1302; x_wconf 70' lang='lat' dir='ltr'><strong>ad</strong></span> <span class='ocrx_word' id='word_1_62' title='bbox 1056 1267 1112 1303; x_wconf 80' lang='lat' dir='ltr'><strong>ea</strong></span> <span class='ocrx_word' id='word_1_63' title='bbox 1148 1252 1495 1304; x_wconf 76' lang='lat' dir='ltr'><strong>contracti.-—3</strong></span> <span class='ocrx_word' id='word_1_64' title='bbox 1530 1252 1674 1303; x_wconf 85' lang='lat' dir='ltr'><strong>Male</strong></span> <span class='ocrx_word' id='word_1_65' title='bbox 1713 1250 1817 1301; x_wconf 88' lang='lat' dir='ltr'><strong>Ms.</strong></span> <span class='ocrx_word' id='word_1_66' title='bbox 1837 1249 1950 1301; x_wconf 84' lang='lat' dir='ltr'><strong>Jes.</strong></span> <span class='ocrx_word' id='word_1_67' title='bbox 1973 1248 2255 1329; x_wconf 64' lang='lat' dir='ltr'><strong>eveherent.-</strong></span> <span class='ocrx_word' id='word_1_68' title='bbox 2288 1247 2395 1314; x_wconf 88' lang='lat' dir='ltr'><strong>[ed.</strong></span> <span class='ocrx_word' id='word_1_69' title='bbox 2419 1262 2501 1312; x_wconf 90' lang='lat' dir='ltr'><strong>pr.</strong></span> <span class='ocrx_word' id='word_1_70' title='bbox 2524 1245 2724 1298; x_wconf 77' lang='lat' dir='ltr'><strong>advehe-</strong></span> 
     </span>
     <span class='ocr_line' id='line_1_11' title="bbox 1497 1381 1722 1433; baseline -0.009 0"><span class='ocrx_word' id='word_1_71' title='bbox 1497 1381 1722 1433; x_wconf 85' lang='lat' dir='ltr'>NOTAE</span> 
     </span>
    </p>
   </div>
   <div class='ocr_carea' id='block_1_8' title="bbox 497 1480 1573 1930">
    <p class='ocr_par' dir='ltr' id='par_1_8' title="bbox 497 1480 1573 1773">
     <span class='ocr_line' id='line_1_12' title="bbox 501 1480 1573 1545; baseline -0.003 -14"><span class='ocrx_word' id='word_1_72' title='bbox 501 1480 635 1531; x_wconf 81' lang='lat' dir='ltr'><strong>serie</strong></span> <span class='ocrx_word' id='word_1_73' title='bbox 671 1485 965 1543; x_wconf 84' lang='lat' dir='ltr'><strong>narrantur,</strong></span> <span class='ocrx_word' id='word_1_74' title='bbox 1004 1480 1094 1531; x_wconf 89' lang='lat' dir='ltr'><strong>illo</strong></span> <span class='ocrx_word' id='word_1_75' title='bbox 1134 1481 1348 1533; x_wconf 87' lang='lat' dir='ltr'><strong>absente</strong></span> <span class='ocrx_word' id='word_1_76' title='bbox 1390 1480 1573 1545; x_wconf 80' lang='lat' dir='ltr'><strong>gesta?</strong></span> 
     </span>
     <span class='ocr_line' id='line_1_13' title="bbox 500 1556 1571 1622; baseline -0.004 -14"><span class='ocrx_word' id='word_1_77' title='bbox 500 1557 615 1622; x_wconf 83' lang='lat' dir='ltr'><strong>Ego</strong></span> <span class='ocrx_word' id='word_1_78' title='bbox 632 1557 758 1607; x_wconf 82' lang='lat' dir='ltr'>nihil</span> <span class='ocrx_word' id='word_1_79' title='bbox 779 1558 877 1606; x_wconf 86' lang='lat' dir='ltr'><strong>nisi</strong></span> <span class='ocrx_word' id='word_1_80' title='bbox 897 1571 1119 1622; x_wconf 84' lang='lat' dir='ltr'><strong>pugnam</strong></span> <span class='ocrx_word' id='word_1_81' title='bbox 1140 1556 1465 1608; x_wconf 82' lang='lat' dir='ltr'><strong>manifestam</strong></span> <span class='ocrx_word' id='word_1_82' title='bbox 1486 1556 1571 1605; x_wconf 87' lang='lat' dir='ltr'><strong>hic</strong></span> 
     </span>
     <span class='ocr_line' id='line_1_14' title="bbox 497 1631 1572 1699; baseline 0.001 -18"><span class='ocrx_word' id='word_1_83' title='bbox 497 1632 678 1696; x_wconf 82' lang='lat' dir='ltr'><strong>video,</strong></span> <span class='ocrx_word' id='word_1_84' title='bbox 701 1637 756 1681; x_wconf 89' lang='lat' dir='ltr'><strong>et</strong></span> <span class='ocrx_word' id='word_1_85' title='bbox 775 1632 943 1681; x_wconf 88' lang='lat' dir='ltr'><strong>libens</strong></span> <span class='ocrx_word' id='word_1_86' title='bbox 981 1631 1190 1683; x_wconf 81' lang='lat' dir='ltr'><strong>audiam</strong></span> <span class='ocrx_word' id='word_1_87' title='bbox 1211 1632 1357 1699; x_wconf 86' lang='lat' dir='ltr'><strong>(paci</strong></span> <span class='ocrx_word' id='word_1_88' title='bbox 1378 1633 1572 1683; x_wconf 89' lang='lat' dir='ltr'><strong>amicus</strong></span> 
     </span>
     <span class='ocr_line' id='line_1_15' title="bbox 503 1705 1327 1773; baseline 0.005 -16"><span class='ocrx_word' id='word_1_89' title='bbox 503 1705 642 1773; x_wconf 81' lang='lat' dir='ltr'><strong>sum)</strong></span> <span class='ocrx_word' id='word_1_90' title='bbox 664 1707 1049 1759; x_wconf 78' lang='lat' dir='ltr'><strong>conciliantem.</strong></span> <span class='ocrx_word' id='word_1_91' title='bbox 1115 1709 1327 1773; x_wconf 68' lang='lat' dir='ltr'><strong>lipsius.</strong></span> 
     </span>
    </p>

    <p class='ocr_par' dir='ltr' id='par_1_9' title="bbox 506 1785 1572 1930">
     <span class='ocr_line' id='line_1_16' title="bbox 572 1785 1572 1852; baseline 0.004 -18"><span class='ocrx_word' id='word_1_92' title='bbox 572 1787 749 1835; x_wconf 72' lang='lat' dir='ltr'><strong>Curam</strong></span> <span class='ocrx_word' id='word_1_93' title='bbox 797 1785 1074 1836; x_wconf 68' lang='lat' dir='ltr'><strong>restituendi</strong></span> <span class='ocrx_word' id='word_1_94' title='bbox 1114 1787 1353 1852; x_wconf 77' lang='lat' dir='ltr'><strong>capitolii]</strong></span> <span class='ocrx_word' id='word_1_95' title='bbox 1429 1788 1572 1838; x_wconf 88' lang='lat' dir='ltr'><strong>Puto</strong></span> 
     </span>
     <span class='ocr_line' id='line_1_17' title="bbox 506 1861 1572 1930; baseline 0.005 -19"><span class='ocrx_word' id='word_1_96' title='bbox 506 1861 879 1927; x_wconf 77' lang='lat' dir='ltr'><strong>Vespasianum</strong></span> <span class='ocrx_word' id='word_1_97' title='bbox 901 1862 1167 1916; x_wconf 85' lang='lat' dir='ltr'><strong>fundando</strong></span> <span class='ocrx_word' id='word_1_98' title='bbox 1203 1866 1465 1930; x_wconf 86' lang='lat' dir='ltr'><strong>Capitolio</strong></span> <span class='ocrx_word' id='word_1_99' title='bbox 1499 1864 1572 1916; x_wconf 84' lang='lat' dir='ltr'><strong>af-</strong></span> 
     </span>
    </p>
   </div>
   <div class='ocr_carea' id='block_1_9' title="bbox 498 1933 1589 2008">
    <p class='ocr_par' dir='ltr' id='par_1_10' title="bbox 498 1933 1589 2008">
     <span class='ocr_line' id='line_1_18' title="bbox 498 1933 1589 2008; baseline 0.003 -17"><span class='ocrx_word' id='word_1_100' title='bbox 498 1933 674 1994; x_wconf 79' lang='lat' dir='ltr'><strong>fuisse.</strong></span> <span class='ocrx_word' id='word_1_101' title='bbox 760 1943 845 1992; x_wconf 87' lang='lat' dir='ltr'><strong>Sic</strong></span> <span class='ocrx_word' id='word_1_102' title='bbox 878 1942 1094 1994; x_wconf 89' lang='lat' dir='ltr'><strong>Sueton.</strong></span> <span class='ocrx_word' id='word_1_103' title='bbox 1117 1944 1279 2008; x_wconf 86' lang='lat' dir='ltr'><strong>Vesp.</strong></span> <span class='ocrx_word' id='word_1_104' title='bbox 1299 1948 1437 1994; x_wconf 84' lang='lat' dir='ltr'><strong>8..et</strong></span> <span class='ocrx_word' id='word_1_105' title='bbox 1476 1945 1589 1994; x_wconf 74' lang='lat' dir='ltr'><strong>xi..</strong></span> 
     </span>
    </p>
   </div>
   <div class='ocr_carea' id='block_1_10' title="bbox 479 2018 1572 4247">
    <p class='ocr_par' dir='ltr' id='par_1_11' title="bbox 485 2018 1572 2241">
     <span class='ocr_line' id='line_1_19' title="bbox 499 2018 1570 2085; baseline 0.002 -17"><span class='ocrx_word' id='word_1_106' title='bbox 499 2018 682 2083; x_wconf 85' lang='lat' dir='ltr'><strong>philin.</strong></span> <span class='ocrx_word' id='word_1_107' title='bbox 714 2019 730 2047; x_wconf 89' lang='lat'>‘</span> <span class='ocrx_word' id='word_1_108' title='bbox 755 2019 999 2069; x_wconf 81' lang='lat' dir='ltr'><strong>Protinus</strong></span> <span class='ocrx_word' id='word_1_109' title='bbox 1038 2021 1261 2070; x_wconf 87' lang='lat' dir='ltr'><strong>animum</strong></span> <span class='ocrx_word' id='word_1_110' title='bbox 1283 2020 1482 2085; x_wconf 85' lang='lat' dir='ltr'><strong>adjecit</strong></span> <span class='ocrx_word' id='word_1_111' title='bbox 1501 2021 1570 2071; x_wconf 88' lang='lat' dir='ltr'><strong>ad</strong></span> 
     </span>
     <span class='ocr_line' id='line_1_20' title="bbox 485 2096 1572 2164; baseline 0.001 -18"><span class='ocrx_word' id='word_1_112' title='bbox 485 2096 803 2146; x_wconf 84' lang='lat' dir='ltr'><strong>-struendum</strong></span> <span class='ocrx_word' id='word_1_113' title='bbox 825 2096 876 2144; x_wconf 89' lang='lat' dir='ltr'><strong>in</strong></span> <span class='ocrx_word' id='word_1_114' title='bbox 895 2097 1159 2161; x_wconf 87' lang='lat' dir='ltr'><strong>Capitolio</strong></span> <span class='ocrx_word' id='word_1_115' title='bbox 1180 2098 1450 2163; x_wconf 85' lang='lat' dir='ltr'><strong>templum,</strong></span> <span class='ocrx_word' id='word_1_116' title='bbox 1470 2099 1572 2164; x_wconf 86' lang='lat' dir='ltr'><strong>pri-</strong></span> 
     </span>
     <span class='ocr_line' id='line_1_21' title="bbox 498 2172 1377 2241; baseline 0.007 -21"><span class='ocrx_word' id='word_1_117' title='bbox 498 2186 717 2236; x_wconf 81' lang='lat' dir='ltr'><strong>musque</strong></span> <span class='ocrx_word' id='word_1_118' title='bbox 737 2172 927 2222; x_wconf 88' lang='lat' dir='ltr'><strong>rudera</strong></span> <span class='ocrx_word' id='word_1_119' title='bbox 952 2173 1158 2224; x_wconf 85' lang='lat' dir='ltr'><strong>auferre</strong></span> <span class='ocrx_word' id='word_1_120' title='bbox 1180 2175 1377 2241; x_wconf 86' lang='lat' dir='ltr'><strong>coepit.&#39;</strong></span> 
     </span>
    </p>

    <p class='ocr_par' dir='ltr' id='par_1_12' title="bbox 481 2249 1570 2605">
     <span class='ocr_line' id='line_1_22' title="bbox 481 2249 1569 2316; baseline 0.005 -19"><span class='ocrx_word' id='word_1_121' title='bbox 481 2249 490 2258; x_wconf 81' lang='lat'>‘</span> <span class='ocrx_word' id='word_1_122' title='bbox 561 2250 756 2298; x_wconf 84' lang='lat' dir='ltr'><strong>Tamen</strong></span> <span class='ocrx_word' id='word_1_123' title='bbox 809 2249 946 2314; x_wconf 86' lang='lat' dir='ltr'><strong>apud</strong></span> <span class='ocrx_word' id='word_1_124' title='bbox 989 2251 1252 2302; x_wconf 79' lang='lat' dir='ltr'><strong>&#39;Pacitum·</strong></span> <span class='ocrx_word' id='word_1_125' title='bbox 1287 2252 1569 2316; x_wconf 84' lang='lat' dir='ltr'><strong>praecipuae</strong></span> 
     </span>
     <span class='ocr_line' id='line_1_23' title="bbox 502 2323 1569 2394; baseline 0.007 -20"><span class='ocrx_word' id='word_1_126' title='bbox 502 2323 775 2388; x_wconf 82' lang='lat' dir='ltr'><strong>dignitatis</strong></span> <span class='ocrx_word' id='word_1_127' title='bbox 823 2326 876 2375; x_wconf 91' lang='lat' dir='ltr'><strong>in</strong></span> <span class='ocrx_word' id='word_1_128' title='bbox 920 2326 1018 2377; x_wconf 88' lang='lat' dir='ltr'><strong>hoc</strong></span> <span class='ocrx_word' id='word_1_129' title='bbox 1070 2328 1284 2393; x_wconf 81' lang='lat' dir='ltr'><strong>negotio</strong></span> <span class='ocrx_word' id='word_1_130' title='bbox 1339 2344 1569 2394; x_wconf 79' lang='lat' dir='ltr'><strong>praesens</strong></span> 
     </span>
     <span class='ocr_line' id='line_1_24' title="bbox 500 2400 1570 2470; baseline 0.008 -21"><span class='ocrx_word' id='word_1_131' title='bbox 500 2400 774 2468; x_wconf 83' lang='lat' dir='ltr'><strong>Helvidius</strong></span> <span class='ocrx_word' id='word_1_132' title='bbox 810 2402 1021 2455; x_wconf 81' lang='lat' dir='ltr'><strong>Priscus</strong></span> <span class='ocrx_word' id='word_1_133' title='bbox 1053 2411 1153 2466; x_wconf 77' lang='lat' dir='ltr'><strong>est,</strong></span> <span class='ocrx_word' id='word_1_134' title='bbox 1184 2411 1383 2470; x_wconf 75' lang='lat' dir='ltr'><strong>praetor</strong></span> <span class='ocrx_word' id='word_1_135' title='bbox 1418 2407 1570 2458; x_wconf 88' lang='lat' dir='ltr'><strong>urba-</strong></span> 
     </span>
     <span class='ocr_line' id='line_1_25' title="bbox 498 2482 1567 2550; baseline 0.008 -23"><span class='ocrx_word' id='word_1_136' title='bbox 498 2489 615 2538; x_wconf 87' lang='lat' dir='ltr'><strong>nus,</strong></span> <span class='ocrx_word' id='word_1_137' title='bbox 654 2494 868 2547; x_wconf 87' lang='lat' dir='ltr'><strong>summo,</strong></span> <span class='ocrx_word' id='word_1_138' title='bbox 904 2482 948 2532; x_wconf 88' lang='lat' dir='ltr'><strong>si</strong></span> <span class='ocrx_word' id='word_1_139' title='bbox 986 2484 1223 2534; x_wconf 86' lang='lat' dir='ltr'><strong>consules</strong></span> <span class='ocrx_word' id='word_1_140' title='bbox 1260 2483 1567 2550; x_wconf 73' lang='lat' dir='ltr'><strong>abfuissent,</strong></span> 
     </span>
     <span class='ocr_line' id='line_1_26' title="bbox 496 2553 660 2605; baseline 0.024 -4"><span class='ocrx_word' id='word_1_141' title='bbox 496 2553 660 2605; x_wconf 80' lang='lat' dir='ltr'><strong>loco.-</strong></span> 
     </span>
    </p>

    <p class='ocr_par' dir='ltr' id='par_1_13' title="bbox 479 2631 1567 3085">
     <span class='ocr_line' id='line_1_27' title="bbox 563 2631 1567 2700; baseline 0.01 -21"><span class='ocrx_word' id='word_1_142' title='bbox 563 2631 818 2696; x_wconf 88' lang='lat' dir='ltr'><strong>Equidem</strong></span> <span class='ocrx_word' id='word_1_143' title='bbox 856 2635 1093 2700; x_wconf 76' lang='lat' dir='ltr'><strong>’seposita</strong></span> <span class='ocrx_word' id='word_1_144' title='bbox 1130 2637 1304 2688; x_wconf 80' lang='lat' dir='ltr'><strong>Taciti</strong></span> <span class='ocrx_word' id='word_1_145' title='bbox 1343 2639 1567 2690; x_wconf 87' lang='lat' dir='ltr'><strong>auctori-</strong></span> 
     </span>
     <span class='ocr_line' id='line_1_28' title="bbox 499 2712 1565 2782; baseline 0.012 -27"><span class='ocrx_word' id='word_1_146' title='bbox 499 2712 630 2770; x_wconf 85' lang='lat' dir='ltr'><strong>tate,</strong></span> <span class='ocrx_word' id='word_1_147' title='bbox 650 2717 829 2760; x_wconf 86' lang='lat' dir='ltr'><strong>contra</strong></span> <span class='ocrx_word' id='word_1_148' title='bbox 852 2727 1004 2775; x_wconf 89' lang='lat' dir='ltr'><strong>quem</strong></span> <span class='ocrx_word' id='word_1_149' title='bbox 1043 2729 1109 2763; x_wconf 90' lang='lat' dir='ltr'><strong>ne</strong></span> <span class='ocrx_word' id='word_1_150' title='bbox 1144 2716 1328 2780; x_wconf 81' lang='lat' dir='ltr'><strong>viginti</strong></span> <span class='ocrx_word' id='word_1_151' title='bbox 1354 2717 1565 2782; x_wconf 85' lang='lat' dir='ltr'><strong>quidem</strong></span> 
     </span>
     <span class='ocr_line' id='line_1_29' title="bbox 479 2785 1565 2860; baseline 0.01 -27"><span class='ocrx_word' id='word_1_152' title='bbox 479 2785 643 2842; x_wconf 71' lang='lat' dir='ltr'><strong>,istius</strong></span> <span class='ocrx_word' id='word_1_153' title='bbox 684 2788 889 2860; x_wconf 77' lang='lat' dir='ltr'><strong>generis</strong></span> <span class='ocrx_word' id='word_1_154' title='bbox 931 2791 1216 2855; x_wconf 83' lang='lat' dir='ltr'><strong>scriptores</strong></span> <span class='ocrx_word' id='word_1_155' title='bbox 1258 2793 1565 2858; x_wconf 80' lang='lat' dir='ltr'><strong>proeponde-</strong></span> 
     </span>
     <span class='ocr_line' id='line_1_30' title="bbox 495 2864 1564 2936; baseline 0.011 -27"><span class='ocrx_word' id='word_1_156' title='bbox 495 2868 635 2925; x_wconf 83' lang='lat' dir='ltr'><strong>rent,</strong></span> <span class='ocrx_word' id='word_1_157' title='bbox 670 2878 771 2912; x_wconf 89' lang='lat' dir='ltr'><strong>non</strong></span> <span class='ocrx_word' id='word_1_158' title='bbox 808 2864 960 2916; x_wconf 85' lang='lat' dir='ltr'><strong>video</strong></span> <span class='ocrx_word' id='word_1_159' title='bbox 1001 2868 1256 2932; x_wconf 89' lang='lat' dir='ltr'><strong>quomodo</strong></span> <span class='ocrx_word' id='word_1_160' title='bbox 1289 2865 1564 2936; x_wconf 85' lang='lat' dir='ltr'><strong>Vespasia-</strong></span> 
     </span>
     <span class='ocr_line' id='line_1_31' title="bbox 494 2941 1563 3008; baseline 0.01 -21"><span class='ocrx_word' id='word_1_161' title='bbox 494 2952 592 2988; x_wconf 89' lang='lat' dir='ltr'><strong>nus</strong></span> <span class='ocrx_word' id='word_1_162' title='bbox 638 2941 851 2990; x_wconf 88' lang='lat' dir='ltr'><strong>Romam</strong></span> <span class='ocrx_word' id='word_1_163' title='bbox 897 2942 1118 2993; x_wconf 84' lang='lat' dir='ltr'><strong>intrasse</strong></span> <span class='ocrx_word' id='word_1_164' title='bbox 1161 2947 1394 3008; x_wconf 88' lang='lat' dir='ltr'><strong>potuerit</strong></span> <span class='ocrx_word' id='word_1_165' title='bbox 1438 2954 1563 2998; x_wconf 86' lang='lat' dir='ltr'><strong>ante</strong></span> 
     </span>
     <span class='ocr_line' id='line_1_32' title="bbox 494 3019 1393 3085; baseline 0.009 -17"><span class='ocrx_word' id='word_1_166' title='bbox 494 3019 799 3083; x_wconf 73' lang='lat' dir='ltr'><strong>vigesimum</strong></span> <span class='ocrx_word' id='word_1_167' title='bbox 824 3021 1048 3085; x_wconf 88' lang='lat' dir='ltr'><strong>primum</strong></span> <span class='ocrx_word' id='word_1_168' title='bbox 1065 3025 1101 3075; x_wconf 83' lang='lat' dir='ltr'>J</span> <span class='ocrx_word' id='word_1_169' title='bbox 1107 3025 1216 3074; x_wconf 91' lang='lat' dir='ltr'><strong>unii</strong></span> <span class='ocrx_word' id='word_1_170' title='bbox 1237 3025 1393 3076; x_wconf 89' lang='lat' dir='ltr'><strong>diem.</strong></span> 
     </span>
    </p>

    <p class='ocr_par' dir='ltr' id='par_1_14' title="bbox 483 3096 1568 3468">
     <span class='ocr_line' id='line_1_33' title="bbox 562 3096 1566 3167; baseline 0.01 -23"><span class='ocrx_word' id='word_1_171' title='bbox 562 3096 897 3148; x_wconf 82' lang='lat' dir='ltr'><strong>Alexandriae</strong></span> <span class='ocrx_word' id='word_1_172' title='bbox 943 3101 1082 3150; x_wconf 84' lang='lat' dir='ltr'><strong>enim</strong></span> <span class='ocrx_word' id='word_1_173' title='bbox 1128 3102 1325 3167; x_wconf 83' lang='lat' dir='ltr'><strong>aliquot</strong></span> <span class='ocrx_word' id='word_1_174' title='bbox 1362 3116 1566 3154; x_wconf 84' lang='lat' dir='ltr'><strong>menses</strong></span> 
     </span>
     <span class='ocr_line' id='line_1_34' title="bbox 495 3172 1566 3241; baseline 0.009 -21"><span class='ocrx_word' id='word_1_175' title='bbox 495 3172 623 3237; x_wconf 80' lang='lat' dir='ltr'><strong>egit,</strong></span> <span class='ocrx_word' id='word_1_176' title='bbox 664 3173 834 3238; x_wconf 88' lang='lat' dir='ltr'><strong>inquit</strong></span> <span class='ocrx_word' id='word_1_177' title='bbox 875 3176 1109 3241; x_wconf 81' lang='lat' dir='ltr'><strong>Tacitus,</strong></span> <span class='ocrx_word' id='word_1_178' title='bbox 1163 3180 1179 3208; x_wconf 88' lang='lat'>‘</span> <span class='ocrx_word' id='word_1_179' title='bbox 1218 3185 1367 3230; x_wconf 86' lang='lat' dir='ltr'><strong>certa</strong></span> <span class='ocrx_word' id='word_1_180' title='bbox 1409 3180 1566 3230; x_wconf 85' lang='lat' dir='ltr'><strong>maris</strong></span> 
     </span>
     <span class='ocr_line' id='line_1_35' title="bbox 483 3251 1561 3323; baseline 0.011 -25"><span class='ocrx_word' id='word_1_181' title='bbox 483 3251 798 3323; x_wconf 44' lang='lat' dir='ltr'><strong>operiens&amp;</strong></span> <span class='ocrx_word' id='word_1_182' title='bbox 832 3252 880 3303; x_wconf 91' lang='lat' dir='ltr'>A</span> <span class='ocrx_word' id='word_1_183' title='bbox 908 3254 1108 3315; x_wconf 84' lang='lat' dir='ltr'><strong>decimo</strong></span> <span class='ocrx_word' id='word_1_184' title='bbox 1132 3260 1306 3306; x_wconf 86' lang='lat' dir='ltr'><strong>autem</strong></span> <span class='ocrx_word' id='word_1_185' title='bbox 1340 3258 1561 3309; x_wconf 87' lang='lat' dir='ltr'><strong>Novem·</strong></span> 
     </span>
     <span class='ocr_line' id='line_1_36' title="bbox 497 3326 1568 3397; baseline 0.01 -23"><span class='ocrx_word' id='word_1_186' title='bbox 497 3326 605 3376; x_wconf 89' lang='lat' dir='ltr'><strong>bris</strong></span> <span class='ocrx_word' id='word_1_187' title='bbox 640 3342 801 3393; x_wconf 86' lang='lat' dir='ltr'><strong>nsque</strong></span> <span class='ocrx_word' id='word_1_188' title='bbox 842 3328 909 3379; x_wconf 89' lang='lat' dir='ltr'><strong>ad</strong></span> <span class='ocrx_word' id='word_1_189' title='bbox 950 3330 1209 3382; x_wconf 89' lang='lat' dir='ltr'><strong>decimum</strong></span> <span class='ocrx_word' id='word_1_190' title='bbox 1250 3334 1449 3397; x_wconf 88' lang='lat' dir='ltr'><strong>Martii,</strong></span> <span class='ocrx_word' id='word_1_191' title='bbox 1489 3335 1568 3385; x_wconf 84' lang='lat' dir='ltr'><strong>ait</strong></span> 
     </span>
     <span class='ocr_line' id='line_1_37' title="bbox 494 3404 1568 3468; baseline 0.009 -16"><span class='ocrx_word' id='word_1_192' title='bbox 494 3404 752 3468; x_wconf 78' lang='lat' dir='ltr'><strong>vegetius</strong></span> <span class='ocrx_word' id='word_1_193' title='bbox 779 3420 855 3456; x_wconf 73' lang='lat' dir='ltr'><strong>lv.</strong></span> <span class='ocrx_word' id='word_1_194' title='bbox 881 3411 959 3458; x_wconf 78' lang='lat'><strong>39.</strong></span> <span class='ocrx_word' id='word_1_195' title='bbox 999 3407 1016 3435; x_wconf 86' lang='lat'>‘</span> <span class='ocrx_word' id='word_1_196' title='bbox 1039 3409 1203 3458; x_wconf 86' lang='lat' dir='ltr'><strong>maria</strong></span> <span class='ocrx_word' id='word_1_197' title='bbox 1223 3410 1568 3463; x_wconf 62' lang='lat' dir='ltr'><strong>clauduntur?</strong></span> 
     </span>
    </p>

    <p class='ocr_par' dir='ltr' id='par_1_15' title="bbox 493 3479 1569 3919">
     <span class='ocr_line' id='line_1_38' title="bbox 559 3479 1568 3553; baseline 0.01 -24"><span class='ocrx_word' id='word_1_198' title='bbox 559 3479 611 3530; x_wconf 90' lang='lat' dir='ltr'><strong>A</strong></span> <span class='ocrx_word' id='word_1_199' title='bbox 632 3480 837 3532; x_wconf 89' lang='lat' dir='ltr'><strong>decimo</strong></span> <span class='ocrx_word' id='word_1_200' title='bbox 856 3484 1038 3532; x_wconf 88' lang='lat' dir='ltr'><strong>Martii</strong></span> <span class='ocrx_word' id='word_1_201' title='bbox 1055 3484 1119 3533; x_wconf 85' lang='lat' dir='ltr'><strong>ad</strong></span> <span class='ocrx_word' id='word_1_202' title='bbox 1145 3484 1403 3538; x_wconf 90' lang='lat' dir='ltr'><strong>decimum</strong></span> <span class='ocrx_word' id='word_1_203' title='bbox 1422 3488 1568 3553; x_wconf 88' lang='lat' dir='ltr'><strong>quin-</strong></span> 
     </span>
     <span class='ocr_line' id='line_1_39' title="bbox 496 3558 1568 3623; baseline 0.008 -16"><span class='ocrx_word' id='word_1_204' title='bbox 496 3562 607 3607; x_wconf 89' lang='lat' dir='ltr'><strong>tum</strong></span> <span class='ocrx_word' id='word_1_205' title='bbox 626 3558 779 3620; x_wconf 84' lang='lat' dir='ltr'><strong>Maii,</strong></span> <span class='ocrx_word' id='word_1_206' title='bbox 810 3561 826 3587; x_wconf 88' lang='lat'>‘</span> <span class='ocrx_word' id='word_1_207' title='bbox 854 3560 1144 3623; x_wconf 82' lang='lat' dir='ltr'><strong>periculose</strong></span> <span class='ocrx_word' id='word_1_208' title='bbox 1177 3563 1340 3613; x_wconf 82' lang='lat' dir='ltr'><strong>maria</strong></span> <span class='ocrx_word' id='word_1_209' title='bbox 1362 3570 1568 3616; x_wconf 85' lang='lat' dir='ltr'><strong>tentan-</strong></span> 
     </span>
     <span class='ocr_line' id='line_1_40' title="bbox 494 3634 1566 3706; baseline 0.008 -22"><span class='ocrx_word' id='word_1_210' title='bbox 494 3634 628 3697; x_wconf 76' lang='lat' dir='ltr'><strong>tur3&#39;</strong></span> <span class='ocrx_word' id='word_1_211' title='bbox 678 3651 845 3700; x_wconf 81' lang='lat' dir='ltr'><strong>neque</strong></span> <span class='ocrx_word' id='word_1_212' title='bbox 888 3636 1046 3686; x_wconf 86' lang='lat' dir='ltr'><strong>facile</strong></span> <span class='ocrx_word' id='word_1_213' title='bbox 1088 3652 1145 3687; x_wconf 90' lang='lat' dir='ltr'><strong>se</strong></span> <span class='ocrx_word' id='word_1_214' title='bbox 1185 3639 1458 3706; x_wconf 85' lang='lat' dir='ltr'><strong>quisquam</strong></span> <span class='ocrx_word' id='word_1_215' title='bbox 1502 3643 1566 3705; x_wconf 78' lang='lat' dir='ltr'><strong>iis</strong></span> 
     </span>
     <span class='ocr_line' id='line_1_41' title="bbox 494 3712 1569 3784; baseline 0.008 -24"><span class='ocrx_word' id='word_1_216' title='bbox 494 3712 880 3776; x_wconf 85' lang='lat' dir='ltr'><strong>committebat,</strong></span> <span class='ocrx_word' id='word_1_217' title='bbox 901 3715 997 3763; x_wconf 85' lang='lat' dir='ltr'><strong>nisi</strong></span> <span class='ocrx_word' id='word_1_218' title='bbox 1019 3723 1311 3777; x_wconf 78' lang='lat' dir='ltr'><strong>mercator3</strong></span> <span class='ocrx_word' id='word_1_219' title='bbox 1344 3725 1403 3768; x_wconf 87' lang='lat' dir='ltr'><strong>ut</strong></span> <span class='ocrx_word' id='word_1_220' title='bbox 1428 3726 1569 3784; x_wconf 89' lang='lat' dir='ltr'><strong>ante,</strong></span> 
     </span>
     <span class='ocr_line' id='line_1_42' title="bbox 495 3789 1568 3856; baseline 0.008 -19"><span class='ocrx_word' id='word_1_221' title='bbox 495 3796 585 3838; x_wconf 88' lang='lat' dir='ltr'><strong>aut</strong></span> <span class='ocrx_word' id='word_1_222' title='bbox 608 3790 752 3838; x_wconf 82' lang='lat' dir='ltr'><strong>circa</strong></span> <span class='ocrx_word' id='word_1_223' title='bbox 775 3789 1041 3842; x_wconf 82' lang='lat' dir='ltr'><strong>dimidium</strong></span> <span class='ocrx_word' id='word_1_224' title='bbox 1078 3792 1227 3856; x_wconf 87' lang='lat' dir='ltr'><strong>Maii,</strong></span> <span class='ocrx_word' id='word_1_225' title='bbox 1250 3792 1568 3846; x_wconf 82' lang='lat' dir='ltr'><strong>Alexandria</strong></span> 
     </span>
     <span class='ocr_line' id='line_1_43' title="bbox 493 3866 1111 3919; baseline 0.006 -4"><span class='ocrx_word' id='word_1_226' title='bbox 493 3866 709 3915; x_wconf 83' lang='lat' dir='ltr'><strong>solvisse</strong></span> <span class='ocrx_word' id='word_1_227' title='bbox 732 3881 831 3914; x_wconf 79' lang='lat' dir='ltr'><strong>non</strong></span> <span class='ocrx_word' id='word_1_228' title='bbox 858 3868 1111 3919; x_wconf 83' lang='lat' dir='ltr'><strong>videatur.</strong></span> 
     </span>
    </p>

    <p class='ocr_par' dir='ltr' id='par_1_16' title="bbox 491 3943 1567 4247">
     <span class='ocr_line' id='line_1_44' title="bbox 562 3943 1567 4014; baseline 0.007 -21"><span class='ocrx_word' id='word_1_229' title='bbox 562 3943 790 3993; x_wconf 85' lang='lat' dir='ltr'><strong>Zonaras</strong></span> <span class='ocrx_word' id='word_1_230' title='bbox 815 3946 922 3994; x_wconf 85' lang='lat' dir='ltr'><strong>vult</strong></span> <span class='ocrx_word' id='word_1_231' title='bbox 963 3946 1116 4010; x_wconf 80' lang='lat' dir='ltr'><strong>longe</strong></span> <span class='ocrx_word' id='word_1_232' title='bbox 1154 3947 1352 3998; x_wconf 83' lang='lat' dir='ltr'><strong>diutius</strong></span> <span class='ocrx_word' id='word_1_233' title='bbox 1378 3965 1567 4014; x_wconf 88' lang='lat' dir='ltr'><strong>propo-</strong></span> 
     </span>
     <span class='ocr_line' id='line_1_45' title="bbox 497 4018 1564 4092; baseline 0.008 -23"><span class='ocrx_word' id='word_1_234' title='bbox 497 4018 600 4070; x_wconf 87' lang='lat' dir='ltr'><strong>sito</strong></span> <span class='ocrx_word' id='word_1_235' title='bbox 622 4021 674 4069; x_wconf 91' lang='lat' dir='ltr'><strong>in</strong></span> <span class='ocrx_word' id='word_1_236' title='bbox 699 4024 746 4070; x_wconf 80' lang='lat' dir='ltr'><strong><em>A</em></strong></span> <span class='ocrx_word' id='word_1_237' title='bbox 764 4031 927 4086; x_wconf 81' lang='lat' dir='ltr'><strong>gypto</strong></span> <span class='ocrx_word' id='word_1_238' title='bbox 952 4022 1267 4087; x_wconf 78' lang='lat' dir='ltr'><strong>substitisse,</strong></span> <span class='ocrx_word' id='word_1_239' title='bbox 1289 4028 1425 4092; x_wconf 89' lang='lat' dir='ltr'><strong>quod</strong></span> <span class='ocrx_word' id='word_1_240' title='bbox 1450 4044 1564 4092; x_wconf 87' lang='lat' dir='ltr'><strong>spe-</strong></span> 
     </span>
     <span class='ocr_line' id='line_1_46' title="bbox 491 4100 1566 4163; baseline 0.008 -17"><span class='ocrx_word' id='word_1_241' title='bbox 491 4103 638 4147; x_wconf 84' lang='lat' dir='ltr'><strong>raret</strong></span> <span class='ocrx_word' id='word_1_242' title='bbox 673 4110 1023 4163; x_wconf 80' lang='lat' dir='ltr'><strong>expugnatum</strong></span> <span class='ocrx_word' id='word_1_243' title='bbox 1063 4100 1269 4151; x_wconf 83' lang='lat' dir='ltr'><strong>interim</strong></span> <span class='ocrx_word' id='word_1_244' title='bbox 1293 4104 1357 4153; x_wconf 90' lang='lat' dir='ltr'><strong>iri</strong></span> <span class='ocrx_word' id='word_1_245' title='bbox 1382 4104 1566 4155; x_wconf 85' lang='lat' dir='ltr'><strong>Hiero-</strong></span> 
     </span>
     <span class='ocr_line' id='line_1_47' title="bbox 493 4176 1566 4247; baseline 0.007 -21"><span class='ocrx_word' id='word_1_246' title='bbox 493 4176 695 4240; x_wconf 84' lang='lat' dir='ltr'><strong>solyma</strong></span> <span class='ocrx_word' id='word_1_247' title='bbox 729 4185 852 4226; x_wconf 81' lang='lat' dir='ltr'><strong>ante</strong></span> <span class='ocrx_word' id='word_1_248' title='bbox 881 4177 1181 4244; x_wconf 81' lang='lat' dir='ltr'><strong>discessum,</strong></span> <span class='ocrx_word' id='word_1_249' title='bbox 1217 4186 1276 4229; x_wconf 91' lang='lat' dir='ltr'><strong>ut</strong></span> <span class='ocrx_word' id='word_1_250' title='bbox 1310 4188 1419 4231; x_wconf 87' lang='lat' dir='ltr'><strong>tum</strong></span> <span class='ocrx_word' id='word_1_251' title='bbox 1442 4197 1566 4247; x_wconf 88' lang='lat' dir='ltr'><strong>quo·</strong></span> 
     </span>
    </p>
   </div>
   <div class='ocr_carea' id='block_1_11' title="bbox 495 4249 1566 4398">
    <p class='ocr_par' dir='ltr' id='par_1_17' title="bbox 495 4249 1566 4398">
     <span class='ocr_line' id='line_1_48' title="bbox 498 4249 1566 4320; baseline 0.009 -20"><span class='ocrx_word' id='word_1_252' title='bbox 498 4266 602 4316; x_wconf 85' lang='lat' dir='ltr'><strong>que</strong></span> <span class='ocrx_word' id='word_1_253' title='bbox 642 4249 973 4315; x_wconf 83' lang='lat' dir='ltr'><strong>profecturus</strong></span> <span class='ocrx_word' id='word_1_254' title='bbox 1008 4255 1246 4320; x_wconf 84' lang='lat' dir='ltr'><strong>Romam,</strong></span> <span class='ocrx_word' id='word_1_255' title='bbox 1265 4257 1440 4309; x_wconf 81' lang='lat' dir='ltr'><strong>Titum</strong></span> <span class='ocrx_word' id='word_1_256' title='bbox 1477 4260 1566 4311; x_wconf 87' lang='lat' dir='ltr'><strong>ba·</strong></span> 
     </span>
     <span class='ocr_line' id='line_1_49' title="bbox 495 4324 930 4398; baseline 0.009 -21"><span class='ocrx_word' id='word_1_257' title='bbox 495 4324 650 4378; x_wconf 77' lang='lat' dir='ltr'><strong>beret</strong></span> <span class='ocrx_word' id='word_1_258' title='bbox 669 4326 930 4398; x_wconf 72' lang='lat' dir='ltr'><strong>comitem.</strong></span> 
     </span>
    </p>
   </div>
   <div class='ocr_carea' id='block_1_12' title="bbox 1651 1465 2759 1929">
    <p class='ocr_par' dir='ltr' id='par_1_18' title="bbox 1651 1465 2759 1838">
     <span class='ocr_line' id='line_1_50' title="bbox 1718 1465 2729 1543; baseline -0.003 -15"><span class='ocrx_word' id='word_1_259' title='bbox 1718 1478 2004 1537; x_wconf 69' lang='lat' dir='ltr'><strong>Praeterea,</strong></span> <span class='ocrx_word' id='word_1_260' title='bbox 2030 1476 2334 1543; x_wconf 83' lang='lat' dir='ltr'><strong>Vespasiani</strong></span> <span class='ocrx_word' id='word_1_261' title='bbox 2366 1465 2476 1526; x_wconf 59' lang='lat' dir='ltr'><strong>&#39;iter</strong></span> <span class='ocrx_word' id='word_1_262' title='bbox 2497 1473 2604 1525; x_wconf 85' lang='lat' dir='ltr'><strong>fuit</strong></span> <span class='ocrx_word' id='word_1_263' title='bbox 2625 1467 2729 1526; x_wconf 70' lang='lat' dir='ltr'><strong>tat·</strong></span> 
     </span>
     <span class='ocr_line' id='line_1_51' title="bbox 1654 1552 2725 1623; baseline -0.005 -16"><span class='ocrx_word' id='word_1_264' title='bbox 1654 1558 1794 1622; x_wconf 89' lang='lat' dir='ltr'><strong>dum,</strong></span> <span class='ocrx_word' id='word_1_265' title='bbox 1818 1564 1872 1607; x_wconf 89' lang='lat' dir='ltr'><strong>et</strong></span> <span class='ocrx_word' id='word_1_266' title='bbox 1895 1558 2201 1623; x_wconf 86' lang='lat' dir='ltr'><strong>plerumque</strong></span> <span class='ocrx_word' id='word_1_267' title='bbox 2226 1562 2493 1617; x_wconf 88' lang='lat' dir='ltr'><strong>terrestre,</strong></span> <span class='ocrx_word' id='word_1_268' title='bbox 2523 1552 2725 1617; x_wconf 85' lang='lat' dir='ltr'><strong>magnis</strong></span> 
     </span>
     <span class='ocr_line' id='line_1_52' title="bbox 1652 1630 2759 1698; baseline -0.004 -15"><span class='ocrx_word' id='word_1_269' title='bbox 1652 1634 1875 1698; x_wconf 80' lang='lat' dir='ltr'><strong>negotiis</strong></span> <span class='ocrx_word' id='word_1_270' title='bbox 1897 1640 2229 1698; x_wconf 87' lang='lat' dir='ltr'><strong>occupatum,</strong></span> <span class='ocrx_word' id='word_1_271' title='bbox 2258 1638 2316 1681; x_wconf 92' lang='lat' dir='ltr'><strong>ut</strong></span> <span class='ocrx_word' id='word_1_272' title='bbox 2334 1630 2599 1695; x_wconf 83' lang='lat' dir='ltr'><strong>Josepbus</strong></span> <span class='ocrx_word' id='word_1_273' title='bbox 2622 1630 2727 1680; x_wconf 83' lang='lat' dir='ltr'><strong>Ex-</strong></span> <span class='ocrx_word' id='word_1_274' title='bbox 2746 1686 2759 1692; x_wconf 51' lang='lat'>‚</span> 
     </span>
     <span class='ocr_line' id='line_1_53' title="bbox 1651 1705 2728 1762; baseline -0.005 -1"><span class='ocrx_word' id='word_1_275' title='bbox 1651 1710 1782 1761; x_wconf 84' lang='lat' dir='ltr'><strong>scid.</strong></span> <span class='ocrx_word' id='word_1_276' title='bbox 1805 1725 1906 1762; x_wconf 83' lang='lat' dir='ltr'><strong>vu.</strong></span> <span class='ocrx_word' id='word_1_277' title='bbox 1923 1726 1974 1761; x_wconf 89' lang='lat' dir='ltr'><strong>c.</strong></span> <span class='ocrx_word' id='word_1_278' title='bbox 1993 1716 2043 1760; x_wconf 86' lang='lat'><strong>6.</strong></span> <span class='ocrx_word' id='word_1_279' title='bbox 2064 1717 2121 1762; x_wconf 87' lang='lat' dir='ltr'><strong>et</strong></span> <span class='ocrx_word' id='word_1_280' title='bbox 2145 1715 2224 1761; x_wconf 87' lang='grc'><strong>10.</strong></span> <span class='ocrx_word' id='word_1_281' title='bbox 2254 1710 2535 1760; x_wconf 87' lang='lat' dir='ltr'><strong>Suetonius</strong></span> <span class='ocrx_word' id='word_1_282' title='bbox 2558 1714 2618 1759; x_wconf 90' lang='lat' dir='ltr'><strong>et</strong></span> <span class='ocrx_word' id='word_1_283' title='bbox 2641 1705 2728 1757; x_wconf 88' lang='lat' dir='ltr'><strong>alii</strong></span> 
     </span>
     <span class='ocr_line' id='line_1_54' title="bbox 1653 1793 1931 1838; baseline -0.004 0"><span class='ocrx_word' id='word_1_284' title='bbox 1653 1793 1931 1838; x_wconf 81' lang='lat' dir='ltr'><strong>testantur.</strong></span> 
     </span>
    </p>

    <p class='ocr_par' dir='ltr' id='par_1_19' title="bbox 1717 1851 2726 1929">
     <span class='ocr_line' id='line_1_55' title="bbox 1717 1851 2726 1929; baseline -0.005 -14"><span class='ocrx_word' id='word_1_285' title='bbox 1717 1864 1804 1915; x_wconf 83' lang='lat' dir='ltr'><strong>Ita</strong></span> <span class='ocrx_word' id='word_1_286' title='bbox 1826 1871 1903 1928; x_wconf 88' lang='lat' dir='ltr'><strong>ut,</strong></span> <span class='ocrx_word' id='word_1_287' title='bbox 1934 1863 2169 1914; x_wconf 85' lang='lat' dir='ltr'><strong>omnibus</strong></span> <span class='ocrx_word' id='word_1_288' title='bbox 2193 1851 2491 1929; x_wconf 70' lang='lat' dir='ltr'><strong>pensitatis,</strong></span> <span class='ocrx_word' id='word_1_289' title='bbox 2509 1863 2726 1911; x_wconf 87' lang='lat' dir='ltr'><strong>Romam</strong></span> 
     </span>
    </p>
   </div>
   <div class='ocr_carea' id='block_1_13' title="bbox 1651 1939 2823 2006">
    <p class='ocr_par' dir='ltr' id='par_1_20' title="bbox 1651 1939 2823 2006">
     <span class='ocr_line' id='line_1_56' title="bbox 1651 1939 2823 2006; baseline -0.003 -15"><span class='ocrx_word' id='word_1_290' title='bbox 1651 1941 1856 2006; x_wconf 82' lang='lat' dir='ltr'><strong>ingredi</strong></span> <span class='ocrx_word' id='word_1_291' title='bbox 1878 1956 1979 1991; x_wconf 90' lang='lat' dir='ltr'><strong>non</strong></span> <span class='ocrx_word' id='word_1_292' title='bbox 2004 1940 2253 2005; x_wconf 87' lang='lat' dir='ltr'><strong>potuerit,</strong></span> <span class='ocrx_word' id='word_1_293' title='bbox 2288 1940 2384 1989; x_wconf 85' lang='lat' dir='ltr'><strong>nisi</strong></span> <span class='ocrx_word' id='word_1_294' title='bbox 2407 1939 2598 1990; x_wconf 83' lang='lat' dir='ltr'><strong>declivi</strong></span> <span class='ocrx_word' id='word_1_295' title='bbox 2617 1939 2726 2002; x_wconf 86' lang='lat' dir='ltr'><strong>jam</strong></span> <span class='ocrx_word' id='word_1_296' title='bbox 2818 1988 2823 1994; x_wconf 75' lang='grc'>,</span> 
     </span>
    </p>
   </div>
   <div class='ocr_carea' id='block_1_14' title="bbox 1638 2016 2728 3935">
    <p class='ocr_par' dir='ltr' id='par_1_21' title="bbox 1652 2016 2726 2158">
     <span class='ocr_line' id='line_1_57' title="bbox 1652 2016 2726 2081; baseline -0.003 -13"><span class='ocrx_word' id='word_1_297' title='bbox 1652 2025 1856 2079; x_wconf 68' lang='lat' dir='ltr'><strong>aestate,</strong></span> <span class='ocrx_word' id='word_1_298' title='bbox 1879 2024 1935 2072; x_wconf 83' lang='lat' dir='ltr'><strong>et</strong></span> <span class='ocrx_word' id='word_1_299' title='bbox 1955 2020 2210 2068; x_wconf 85' lang='lat' dir='ltr'><strong>interesse</strong></span> <span class='ocrx_word' id='word_1_300' title='bbox 2244 2032 2347 2067; x_wconf 88' lang='lat' dir='ltr'><strong>non</strong></span> <span class='ocrx_word' id='word_1_301' title='bbox 2369 2016 2608 2081; x_wconf 87' lang='lat' dir='ltr'><strong>potuerit</strong></span> <span class='ocrx_word' id='word_1_302' title='bbox 2630 2016 2726 2066; x_wconf 79' lang='lat' dir='ltr'><strong>Ca-</strong></span> 
     </span>
     <span class='ocr_line' id='line_1_58' title="bbox 1653 2091 2453 2158; baseline -0.003 -13"><span class='ocrx_word' id='word_1_303' title='bbox 1653 2094 1827 2158; x_wconf 88' lang='lat' dir='ltr'><strong>pitolii</strong></span> <span class='ocrx_word' id='word_1_304' title='bbox 1847 2091 2157 2144; x_wconf 83' lang='lat' dir='ltr'><strong>fundationi.</strong></span> <span class='ocrx_word' id='word_1_305' title='bbox 2224 2093 2453 2143; x_wconf 63' lang='lat' dir='ltr'><strong>Sutilis-3.</strong></span> 
     </span>
    </p>

    <p class='ocr_par' dir='ltr' id='par_1_22' title="bbox 1648 2169 2728 2533">
     <span class='ocr_line' id='line_1_59' title="bbox 1718 2169 2728 2238; baseline -0.007 -15"><span class='ocrx_word' id='word_1_306' title='bbox 1718 2174 1828 2238; x_wconf 81' lang='lat' dir='ltr'><strong>Ipse</strong></span> <span class='ocrx_word' id='word_1_307' title='bbox 1867 2173 2218 2222; x_wconf 75' lang='lat' dir='ltr'><strong>restitutionem</strong></span> <span class='ocrx_word' id='word_1_308' title='bbox 2265 2169 2507 2234; x_wconf 75' lang='lat' dir='ltr'><strong>Capitolii*</strong></span> <span class='ocrx_word' id='word_1_309' title='bbox 2535 2182 2728 2231; x_wconf 75' lang='lat' dir='ltr'><strong>agg-res·</strong></span> 
     </span>
     <span class='ocr_line' id='line_1_60' title="bbox 1649 2247 2726 2314; baseline -0.008 -12"><span class='ocrx_word' id='word_1_310' title='bbox 1649 2267 1747 2314; x_wconf 75' lang='lat' dir='ltr'><strong>sus,</strong></span> <span class='ocrx_word' id='word_1_311' title='bbox 1784 2266 1886 2301; x_wconf 90' lang='lat' dir='ltr'><strong>non</strong></span> <span class='ocrx_word' id='word_1_312' title='bbox 1928 2264 2025 2314; x_wconf 87' lang='lat' dir='ltr'><strong>per</strong></span> <span class='ocrx_word' id='word_1_313' title='bbox 2060 2264 2138 2312; x_wconf 89' lang='lat' dir='ltr'><strong>se,</strong></span> <span class='ocrx_word' id='word_1_314' title='bbox 2177 2249 2268 2298; x_wconf 85' lang='lat' dir='ltr'><strong>sed</strong></span> <span class='ocrx_word' id='word_1_315' title='bbox 2311 2262 2408 2313; x_wconf 88' lang='lat' dir='ltr'><strong>per</strong></span> <span class='ocrx_word' id='word_1_316' title='bbox 2427 2247 2726 2308; x_wconf 87' lang='lat' dir='ltr'><strong>Vestinum,</strong></span> 
     </span>
     <span class='ocr_line' id='line_1_61' title="bbox 1652 2320 2725 2392; baseline -0.007 -15"><span class='ocrx_word' id='word_1_317' title='bbox 1652 2329 1744 2378; x_wconf 89' lang='lat' dir='ltr'><strong>sed</strong></span> <span class='ocrx_word' id='word_1_318' title='bbox 1768 2342 1864 2392; x_wconf 87' lang='lat' dir='ltr'><strong>per</strong></span> <span class='ocrx_word' id='word_1_319' title='bbox 1886 2342 1943 2377; x_wconf 90' lang='lat' dir='ltr'><strong>se</strong></span> <span class='ocrx_word' id='word_1_320' title='bbox 1966 2327 2078 2391; x_wconf 87' lang='lat' dir='ltr'><strong>ipse</strong></span> <span class='ocrx_word' id='word_1_321' title='bbox 2103 2327 2118 2354; x_wconf 91' lang='lat'>‘</span> <span class='ocrx_word' id='word_1_322' title='bbox 2145 2323 2417 2375; x_wconf 81' lang='lat' dir='ltr'><strong>ruderibus</strong></span> <span class='ocrx_word' id='word_1_323' title='bbox 2442 2320 2725 2387; x_wconf 85' lang='lat' dir='ltr'><strong>purgandis</strong></span> 
     </span>
     <span class='ocr_line' id='line_1_62' title="bbox 1652 2398 2726 2470; baseline -0.009 -13"><span class='ocrx_word' id='word_1_324' title='bbox 1652 2420 1837 2464; x_wconf 79' lang='lat' dir='ltr'><strong>manus</strong></span> <span class='ocrx_word' id='word_1_325' title='bbox 1860 2403 2126 2470; x_wconf 86' lang='lat' dir='ltr'><strong>admovit‚&#39;</strong></span> <span class='ocrx_word' id='word_1_326' title='bbox 2161 2416 2280 2454; x_wconf 87' lang='lat' dir='ltr'><strong>cum</strong></span> <span class='ocrx_word' id='word_1_327' title='bbox 2321 2402 2539 2452; x_wconf 85' lang='lat' dir='ltr'><strong>Romam</strong></span> <span class='ocrx_word' id='word_1_328' title='bbox 2571 2398 2726 2449; x_wconf 84' lang='lat' dir='ltr'><strong>adve-</strong></span> 
     </span>
     <span class='ocr_line' id='line_1_63' title="bbox 1648 2484 1829 2533; baseline 0.006 -1"><span class='ocrx_word' id='word_1_329' title='bbox 1648 2484 1829 2533; x_wconf 88' lang='lat' dir='ltr'><strong>nisset.</strong></span> 
     </span>
    </p>

    <p class='ocr_par' dir='ltr' id='par_1_23' title="bbox 1638 2553 2726 3855">
     <span class='ocr_line' id='line_1_64' title="bbox 1713 2553 2725 2622; baseline -0.006 -15"><span class='ocrx_word' id='word_1_330' title='bbox 1713 2559 1777 2607; x_wconf 88' lang='lat' dir='ltr'><strong>L.</strong></span> <span class='ocrx_word' id='word_1_331' title='bbox 1809 2558 2058 2609; x_wconf 78' lang='lat' dir='ltr'><strong>Vestinum</strong></span> <span class='ocrx_word' id='word_1_332' title='bbox 2078 2556 2305 2622; x_wconf 69' lang='lat' dir='ltr'><strong>equestris</strong></span> <span class='ocrx_word' id='word_1_333' title='bbox 2323 2553 2528 2617; x_wconf 71' lang='lat' dir='ltr'><strong>ordinis]</strong></span> <span class='ocrx_word' id='word_1_334' title='bbox 2562 2554 2725 2603; x_wconf 87' lang='lat' dir='ltr'><strong>Estne</strong></span> 
     </span>
     <span class='ocr_line' id='line_1_65' title="bbox 1649 2630 2725 2701; baseline -0.005 -18"><span class='ocrx_word' id='word_1_335' title='bbox 1649 2635 1834 2699; x_wconf 82' lang='lat' dir='ltr'><strong>ille,de</strong></span> <span class='ocrx_word' id='word_1_336' title='bbox 1857 2650 1978 2701; x_wconf 89' lang='lat' dir='ltr'><strong>quo,</strong></span> <span class='ocrx_word' id='word_1_337' title='bbox 2001 2636 2236 2685; x_wconf 89' lang='lat' dir='ltr'><strong>oratione</strong></span> <span class='ocrx_word' id='word_1_338' title='bbox 2258 2647 2354 2697; x_wconf 87' lang='lat' dir='ltr'><strong>pro</strong></span> <span class='ocrx_word' id='word_1_339' title='bbox 2373 2630 2561 2695; x_wconf 85' lang='lat' dir='ltr'><strong>Gallis,</strong></span> <span class='ocrx_word' id='word_1_340' title='bbox 2574 2631 2725 2680; x_wconf 85' lang='lat' dir='ltr'><strong>Clau-</strong></span> 
     </span>
     <span class='ocr_line' id='line_1_66' title="bbox 1646 2707 2723 2778; baseline -0.006 -16"><span class='ocrx_word' id='word_1_341' title='bbox 1646 2709 1761 2762; x_wconf 86' lang='lat' dir='ltr'><strong>dius</strong></span> <span class='ocrx_word' id='word_1_342' title='bbox 1785 2713 1993 2762; x_wconf 82' lang='lat' dir='ltr'><strong>Caesar?</strong></span> <span class='ocrx_word' id='word_1_343' title='bbox 2027 2713 2042 2741; x_wconf 90' lang='lat'>‘</span> <span class='ocrx_word' id='word_1_344' title='bbox 2070 2712 2152 2762; x_wconf 85' lang='lat' dir='ltr'><strong>Ex</strong></span> <span class='ocrx_word' id='word_1_345' title='bbox 2175 2727 2277 2778; x_wconf 88' lang='lat' dir='ltr'><strong>qua</strong></span> <span class='ocrx_word' id='word_1_346' title='bbox 2312 2708 2520 2762; x_wconf 89' lang='lat' dir='ltr'><strong>colonia</strong></span> <span class='ocrx_word' id='word_1_347' title='bbox 2541 2707 2723 2774; x_wconf 86' lang='lat' dir='ltr'><strong>(Vien-</strong></span> 
     </span>
     <span class='ocr_line' id='line_1_67' title="bbox 1642 2781 2721 2856; baseline -0.006 -18"><span class='ocrx_word' id='word_1_348' title='bbox 1642 2787 1818 2854; x_wconf 83' lang='lat' dir='ltr'><strong>nensi)</strong></span> <span class='ocrx_word' id='word_1_349' title='bbox 1842 2791 1979 2841; x_wconf 89' lang='lat' dir='ltr'><strong>inter</strong></span> <span class='ocrx_word' id='word_1_350' title='bbox 2002 2803 2194 2856; x_wconf 83' lang='lat' dir='ltr'><strong>paucos</strong></span> <span class='ocrx_word' id='word_1_351' title='bbox 2231 2786 2489 2852; x_wconf 90' lang='lat' dir='ltr'><strong>equestris</strong></span> <span class='ocrx_word' id='word_1_352' title='bbox 2528 2781 2721 2834; x_wconf 88' lang='lat' dir='ltr'><strong>ordinis</strong></span> 
     </span>
     <span class='ocr_line' id='line_1_68' title="bbox 1642 2860 2721 2916; baseline -0.006 -2"><span class='ocrx_word' id='word_1_353' title='bbox 1642 2867 2003 2916; x_wconf 86' lang='lat' dir='ltr'><strong>ornamentum</strong></span> <span class='ocrx_word' id='word_1_354' title='bbox 2038 2867 2098 2916; x_wconf 89' lang='lat' dir='ltr'><strong>L.</strong></span> <span class='ocrx_word' id='word_1_355' title='bbox 2119 2864 2396 2915; x_wconf 83' lang='lat' dir='ltr'><strong>Vestinum</strong></span> <span class='ocrx_word' id='word_1_356' title='bbox 2429 2860 2721 2910; x_wconf 87' lang='lat' dir='ltr'><strong>familiaris·</strong></span> 
     </span>
     <span class='ocr_line' id='line_1_69' title="bbox 1641 2938 2724 3007; baseline -0.004 -17"><span class='ocrx_word' id='word_1_357' title='bbox 1641 2941 1745 2991; x_wconf 88' lang='lat' dir='ltr'><strong>ime</strong></span> <span class='ocrx_word' id='word_1_358' title='bbox 1771 2941 1972 3007; x_wconf 71' lang='lat' dir='ltr'><strong>diligo?</strong></span> <span class='ocrx_word' id='word_1_359' title='bbox 2053 2943 2167 3007; x_wconf 83' lang='lat' dir='ltr'><strong>Ego</strong></span> <span class='ocrx_word' id='word_1_360' title='bbox 2193 2939 2355 3004; x_wconf 82' lang='lat' dir='ltr'><strong>puto:</strong></span> <span class='ocrx_word' id='word_1_361' title='bbox 2393 2939 2553 3004; x_wconf 88' lang='lat' dir='ltr'><strong>idque</strong></span> <span class='ocrx_word' id='word_1_362' title='bbox 2572 2938 2724 3002; x_wconf 86' lang='lat' dir='ltr'><strong>paulo</strong></span> 
     </span>
     <span class='ocr_line' id='line_1_70' title="bbox 1638 3013 2726 3083; baseline -0.006 -15"><span class='ocrx_word' id='word_1_363' title='bbox 1638 3018 1850 3079; x_wconf 87' lang='lat' dir='ltr'><strong>certius,</strong></span> <span class='ocrx_word' id='word_1_364' title='bbox 1876 3032 2029 3083; x_wconf 86' lang='lat' dir='ltr'><strong>quam</strong></span> <span class='ocrx_word' id='word_1_365' title='bbox 2051 3018 2275 3066; x_wconf 88' lang='lat' dir='ltr'><strong>eundem</strong></span> <span class='ocrx_word' id='word_1_366' title='bbox 2292 3013 2551 3064; x_wconf 84' lang='lat' dir='ltr'><strong>·Martiali</strong></span> <span class='ocrx_word' id='word_1_367' title='bbox 2574 3014 2726 3063; x_wconf 83' lang='lat' dir='ltr'><strong>intel·</strong></span> 
     </span>
     <span class='ocr_line' id='line_1_71' title="bbox 1646 3090 2722 3166; baseline -0.004 -23"><span class='ocrx_word' id='word_1_368' title='bbox 1646 3095 1743 3159; x_wconf 79' lang='lat' dir='ltr'><strong>ligi</strong></span> <span class='ocrx_word' id='word_1_369' title='bbox 1780 3095 1873 3144; x_wconf 89' lang='lat' dir='ltr'><strong>lib.</strong></span> <span class='ocrx_word' id='word_1_370' title='bbox 1916 3108 1993 3146; x_wconf 77' lang='lat' dir='ltr'><strong>tv.</strong></span> <span class='ocrx_word' id='word_1_371' title='bbox 2028 3096 2183 3158; x_wconf 83' lang='lat' dir='ltr'><strong>Epig.</strong></span> <span class='ocrx_word' id='word_1_372' title='bbox 2220 3097 2303 3143; x_wconf 80' lang='lat'><strong>29.</strong></span> <span class='ocrx_word' id='word_1_373' title='bbox 2336 3092 2353 3121; x_wconf 91' lang='lat'>‘</span> <span class='ocrx_word' id='word_1_374' title='bbox 2379 3093 2511 3141; x_wconf 88' lang='lat' dir='ltr'><strong>Cum</strong></span> <span class='ocrx_word' id='word_1_375' title='bbox 2533 3090 2722 3166; x_wconf 30' lang='lat' dir='ltr'><strong>&#39;gravis</strong></span> 
     </span>
     <span class='ocr_line' id='line_1_72' title="bbox 1646 3165 2724 3230; baseline -0.004 -10"><span class='ocrx_word' id='word_1_376' title='bbox 1646 3177 1909 3221; x_wconf 84' lang='lat' dir='ltr'><strong>extremas</strong></span> <span class='ocrx_word' id='word_1_377' title='bbox 1930 3172 2180 3220; x_wconf 83' lang='lat' dir='ltr'><strong>Vestinus</strong></span> <span class='ocrx_word' id='word_1_378' title='bbox 2221 3170 2439 3219; x_wconf 87' lang='lat' dir='ltr'><strong>duceret</strong></span> <span class='ocrx_word' id='word_1_379' title='bbox 2462 3168 2634 3230; x_wconf 81' lang='lat' dir='ltr'><strong>horas,</strong></span> <span class='ocrx_word' id='word_1_380' title='bbox 2655 3165 2724 3216; x_wconf 86' lang='lat' dir='ltr'><strong>Et</strong></span> 
     </span>
     <span class='ocr_line' id='line_1_73' title="bbox 1642 3250 2720 3315; baseline 0 -16"><span class='ocrx_word' id='word_1_381' title='bbox 1642 3250 1754 3314; x_wconf 86' lang='lat' dir='ltr'><strong>jam</strong></span> <span class='ocrx_word' id='word_1_382' title='bbox 1779 3265 1876 3314; x_wconf 91' lang='lat' dir='ltr'><strong>per</strong></span> <span class='ocrx_word' id='word_1_383' title='bbox 1912 3250 2121 3315; x_wconf 81' lang='lat' dir='ltr'><strong>Stygias</strong></span> <span class='ocrx_word' id='word_1_384' title='bbox 2159 3255 2298 3299; x_wconf 87' lang='lat' dir='ltr'><strong>esset</strong></span> <span class='ocrx_word' id='word_1_385' title='bbox 2320 3250 2488 3299; x_wconf 88' lang='lat' dir='ltr'><strong>iturus</strong></span> <span class='ocrx_word' id='word_1_386' title='bbox 2531 3263 2720 3315; x_wconf 83' lang='lat' dir='ltr'><strong>aquas:</strong></span> 
     </span>
     <span class='ocr_line' id='line_1_74' title="bbox 1650 3327 2722 3391; baseline 0 -14"><span class='ocrx_word' id='word_1_387' title='bbox 1650 3327 1850 3377; x_wconf 88' lang='lat' dir='ltr'><strong>Ultima</strong></span> <span class='ocrx_word' id='word_1_388' title='bbox 1876 3329 2143 3378; x_wconf 80' lang='lat' dir='ltr'><strong>volventes</strong></span> <span class='ocrx_word' id='word_1_389' title='bbox 2184 3327 2351 3377; x_wconf 88' lang='lat' dir='ltr'><strong>oravit</strong></span> <span class='ocrx_word' id='word_1_390' title='bbox 2390 3341 2555 3391; x_wconf 85' lang='lat' dir='ltr'><strong>pensa</strong></span> <span class='ocrx_word' id='word_1_391' title='bbox 2589 3341 2722 3377; x_wconf 91' lang='lat' dir='ltr'><strong>soro-</strong></span> 
     </span>
     <span class='ocr_line' id='line_1_75' title="bbox 1649 3405 2720 3470; baseline 0.004 -17"><span class='ocrx_word' id='word_1_392' title='bbox 1649 3419 1751 3464; x_wconf 83' lang='lat' dir='ltr'><strong>res,</strong></span> <span class='ocrx_word' id='word_1_393' title='bbox 1775 3405 1852 3455; x_wconf 92' lang='lat' dir='ltr'><strong>Ut</strong></span> <span class='ocrx_word' id='word_1_394' title='bbox 1874 3406 2146 3456; x_wconf 87' lang='lat' dir='ltr'><strong>traherent</strong></span> <span class='ocrx_word' id='word_1_395' title='bbox 2178 3420 2342 3470; x_wconf 84' lang='lat' dir='ltr'><strong>parva</strong></span> <span class='ocrx_word' id='word_1_396' title='bbox 2362 3407 2592 3455; x_wconf 86' lang='lat' dir='ltr'><strong>stamina</strong></span> <span class='ocrx_word' id='word_1_397' title='bbox 2613 3407 2720 3470; x_wconf 87' lang='lat' dir='ltr'><strong>pul-</strong></span> 
     </span>
     <span class='ocr_line' id='line_1_76' title="bbox 1648 3483 2720 3549; baseline 0.003 -18"><span class='ocrx_word' id='word_1_398' title='bbox 1648 3497 1705 3532; x_wconf 85' lang='lat' dir='ltr'><strong>sa</strong></span> <span class='ocrx_word' id='word_1_399' title='bbox 1727 3496 1885 3534; x_wconf 82' lang='lat' dir='ltr'><strong>mora.</strong></span> <span class='ocrx_word' id='word_1_400' title='bbox 1950 3484 2081 3532; x_wconf 87' lang='lat' dir='ltr'><strong>Tum</strong></span> <span class='ocrx_word' id='word_1_401' title='bbox 2119 3484 2288 3547; x_wconf 82' lang='lat' dir='ltr'><strong>largas</strong></span> <span class='ocrx_word' id='word_1_402' title='bbox 2328 3483 2555 3549; x_wconf 87' lang='lat' dir='ltr'><strong>partitus</strong></span> <span class='ocrx_word' id='word_1_403' title='bbox 2579 3498 2720 3548; x_wconf 77' lang='lat' dir='ltr'><strong>opes,</strong></span> 
     </span>
     <span class='ocr_line' id='line_1_77' title="bbox 1650 3560 2720 3625; baseline 0.003 -17"><span class='ocrx_word' id='word_1_404' title='bbox 1650 3574 1682 3608; x_wconf 87' lang='lat' dir='ltr'><strong>a</strong></span> <span class='ocrx_word' id='word_1_405' title='bbox 1704 3560 1821 3607; x_wconf 90' lang='lat' dir='ltr'><strong>luce</strong></span> <span class='ocrx_word' id='word_1_406' title='bbox 1847 3560 2096 3609; x_wconf 78' lang='lat' dir='ltr'><strong>recessitz</strong></span> <span class='ocrx_word' id='word_1_407' title='bbox 2134 3560 2306 3625; x_wconf 87' lang='lat' dir='ltr'><strong>Seque</strong></span> <span class='ocrx_word' id='word_1_408' title='bbox 2329 3560 2461 3613; x_wconf 84' lang='lat' dir='ltr'><strong>mori</strong></span> <span class='ocrx_word' id='word_1_409' title='bbox 2485 3568 2608 3625; x_wconf 81' lang='lat' dir='ltr'><strong>post</strong></span> <span class='ocrx_word' id='word_1_410' title='bbox 2627 3562 2720 3611; x_wconf 78' lang='lat' dir='ltr'><strong>boc</strong></span> 
     </span>
     <span class='ocr_line' id='line_1_78' title="bbox 1649 3636 2720 3690; baseline 0.002 -4"><span class='ocrx_word' id='word_1_411' title='bbox 1649 3636 1879 3686; x_wconf 87' lang='lat' dir='ltr'><strong>credidit</strong></span> <span class='ocrx_word' id='word_1_412' title='bbox 1901 3637 1989 3685; x_wconf 88' lang='lat' dir='ltr'><strong>ille</strong></span> <span class='ocrx_word' id='word_1_413' title='bbox 2012 3637 2223 3687; x_wconf 63' lang='lat' dir='ltr'><strong>senem?</strong></span> <span class='ocrx_word' id='word_1_414' title='bbox 2290 3639 2426 3688; x_wconf 84' lang='lat' dir='ltr'><strong>Nam</strong></span> <span class='ocrx_word' id='word_1_415' title='bbox 2459 3639 2546 3690; x_wconf 80' lang='lat' dir='ltr'><strong>hic</strong></span> <span class='ocrx_word' id='word_1_416' title='bbox 2568 3637 2720 3689; x_wconf 86' lang='lat' dir='ltr'><strong>fuerit</strong></span> 
     </span>
     <span class='ocr_line' id='line_1_79' title="bbox 1650 3712 2720 3779; baseline 0.005 -17"><span class='ocrx_word' id='word_1_417' title='bbox 1650 3714 1823 3779; x_wconf 85' lang='lat' dir='ltr'><strong>potius</strong></span> <span class='ocrx_word' id='word_1_418' title='bbox 1846 3712 1982 3763; x_wconf 85' lang='lat' dir='ltr'><strong>filius</strong></span> <span class='ocrx_word' id='word_1_419' title='bbox 2005 3716 2145 3778; x_wconf 83' lang='lat' dir='ltr'><strong>ejus:</strong></span> <span class='ocrx_word' id='word_1_420' title='bbox 2182 3713 2272 3779; x_wconf 87' lang='lat' dir='ltr'><strong>qui</strong></span> <span class='ocrx_word' id='word_1_421' title='bbox 2295 3715 2507 3767; x_wconf 85' lang='lat' dir='ltr'><strong>videtur</strong></span> <span class='ocrx_word' id='word_1_422' title='bbox 2529 3731 2562 3765; x_wconf 92' lang='lat' dir='ltr'><strong>e</strong></span> <span class='ocrx_word' id='word_1_423' title='bbox 2585 3717 2720 3767; x_wconf 86' lang='lat' dir='ltr'><strong>clau·</strong></span> 
     </span>
     <span class='ocr_line' id='line_1_80' title="bbox 1648 3790 2496 3855; baseline 0.004 -16"><span class='ocrx_word' id='word_1_424' title='bbox 1648 3791 1758 3839; x_wconf 87' lang='lat' dir='ltr'><strong>sula</strong></span> <span class='ocrx_word' id='word_1_425' title='bbox 1772 3790 1987 3854; x_wconf 83' lang='lat' dir='ltr'><strong>juvenis</strong></span> <span class='ocrx_word' id='word_1_426' title='bbox 2010 3790 2216 3840; x_wconf 88' lang='lat' dir='ltr'><strong>obiisse.</strong></span> <span class='ocrx_word' id='word_1_427' title='bbox 2282 3791 2496 3855; x_wconf 76' lang='lat' dir='ltr'><strong>Lipsius.</strong></span> 
     </span>
    </p>

    <p class='ocr_par' dir='ltr' id='par_1_24' title="bbox 1714 3869 2722 3935">
     <span class='ocr_line' id='line_1_81' title="bbox 1714 3869 2722 3935; baseline 0.005 -19"><span class='ocrx_word' id='word_1_428' title='bbox 1714 3875 1737 3900; x_wconf 77' lang='lat' dir='ltr'>v</span> <span class='ocrx_word' id='word_1_429' title='bbox 1772 3869 2005 3932; x_wconf 75' lang='lat' dir='ltr'><strong>Reliquioe</strong></span> <span class='ocrx_word' id='word_1_430' title='bbox 2041 3869 2222 3932; x_wconf 79' lang='lat' dir='ltr'><strong>prioris</strong></span> <span class='ocrx_word' id='word_1_431' title='bbox 2257 3870 2467 3935; x_wconf 76' lang='lat' dir='ltr'><strong>delubri]</strong></span> <span class='ocrx_word' id='word_1_432' title='bbox 2515 3871 2722 3924; x_wconf 80' lang='lat' dir='ltr'><strong>Rudera</strong></span> 
     </span>
    </p>
   </div>
   <div class='ocr_carea' id='block_1_15' title="bbox 1600 3945 2826 4008">
    <p class='ocr_par' dir='ltr' id='par_1_25' title="bbox 1600 3945 2826 4008">
     <span class='ocr_line' id='line_1_82' title="bbox 1600 3945 2826 4008; baseline 0.006 -14"><span class='ocrx_word' id='word_1_433' title='bbox 1600 3966 1605 3969; x_wconf 62' lang='grc'><strong><em>’</em></strong></span> <span class='ocrx_word' id='word_1_434' title='bbox 1648 3945 1761 3994; x_wconf 86' lang='lat' dir='ltr'><strong>scil.</strong></span> <span class='ocrx_word' id='word_1_435' title='bbox 1782 3945 2028 4008; x_wconf 81' lang='lat' dir='ltr'><strong>Capitolii</strong></span> <span class='ocrx_word' id='word_1_436' title='bbox 2051 3961 2201 3995; x_wconf 86' lang='lat' dir='ltr'><strong>sacra</strong></span> <span class='ocrx_word' id='word_1_437' title='bbox 2216 3953 2387 3997; x_wconf 88' lang='lat' dir='ltr'><strong>erant.</strong></span> <span class='ocrx_word' id='word_1_438' title='bbox 2423 3948 2616 3999; x_wconf 86' lang='lat' dir='ltr'><strong>Seuec.</strong></span> <span class='ocrx_word' id='word_1_439' title='bbox 2634 3948 2719 4000; x_wconf 88' lang='lat' dir='ltr'><strong>lib.</strong></span> <span class='ocrx_word' id='word_1_440' title='bbox 2818 3960 2826 3970; x_wconf 85' lang='lat'><em>·</em></span> 
     </span>
    </p>
   </div>
   <div class='ocr_carea' id='block_1_16' title="bbox 1646 4023 2718 4397">
    <p class='ocr_par' dir='ltr' id='par_1_26' title="bbox 1646 4023 2718 4397">
     <span class='ocr_line' id='line_1_83' title="bbox 1647 4023 2718 4091; baseline 0.006 -20"><span class='ocrx_word' id='word_1_441' title='bbox 1647 4024 1843 4071; x_wconf 86' lang='lat' dir='ltr'><strong>consol.</strong></span> <span class='ocrx_word' id='word_1_442' title='bbox 1886 4023 1951 4071; x_wconf 84' lang='lat' dir='ltr'><strong>ad</strong></span> <span class='ocrx_word' id='word_1_443' title='bbox 1994 4023 2255 4073; x_wconf 84' lang='lat' dir='ltr'><strong>Helviam.</strong></span> <span class='ocrx_word' id='word_1_444' title='bbox 2275 4039 2327 4075; x_wconf 84' lang='lat' dir='ltr'><strong>c.</strong></span> <span class='ocrx_word' id='word_1_445' title='bbox 2349 4028 2430 4074; x_wconf 73' lang='lat'><strong>13.</strong></span> <span class='ocrx_word' id='word_1_446' title='bbox 2463 4024 2481 4052; x_wconf 86' lang='lat'>‘</span> <span class='ocrx_word' id='word_1_447' title='bbox 2500 4026 2559 4076; x_wconf 87' lang='lat' dir='ltr'><strong>Si</strong></span> <span class='ocrx_word' id='word_1_448' title='bbox 2583 4040 2718 4091; x_wconf 77' lang='lat' dir='ltr'><strong>mag-</strong></span> 
     </span>
     <span class='ocr_line' id='line_1_84' title="bbox 1648 4100 2717 4165; baseline 0.007 -17"><span class='ocrx_word' id='word_1_449' title='bbox 1648 4113 1744 4149; x_wconf 85' lang='lat' dir='ltr'><strong>nus</strong></span> <span class='ocrx_word' id='word_1_450' title='bbox 1770 4100 1847 4148; x_wconf 68' lang='lat' dir='ltr'><strong>vir</strong></span> <span class='ocrx_word' id='word_1_451' title='bbox 1872 4101 2084 4161; x_wconf 72' lang='lat' dir='ltr'><strong>cecidit,</strong></span> <span class='ocrx_word' id='word_1_452' title='bbox 2108 4116 2320 4164; x_wconf 80' lang='lat' dir='ltr'><strong>maguus</strong></span> <span class='ocrx_word' id='word_1_453' title='bbox 2345 4101 2534 4165; x_wconf 87' lang='lat' dir='ltr'><strong>jacuit.</strong></span> <span class='ocrx_word' id='word_1_454' title='bbox 2601 4104 2717 4155; x_wconf 85' lang='lat' dir='ltr'><strong>Nou</strong></span> 
     </span>
     <span class='ocr_line' id='line_1_85' title="bbox 1646 4176 2714 4245; baseline 0.007 -22"><span class='ocrx_word' id='word_1_455' title='bbox 1646 4176 1806 4238; x_wconf 73' lang='lat' dir='ltr'><strong>magis</strong></span> <span class='ocrx_word' id='word_1_456' title='bbox 1855 4176 1998 4226; x_wconf 85' lang='lat' dir='ltr'><strong>illum</strong></span> <span class='ocrx_word' id='word_1_457' title='bbox 2047 4189 2199 4240; x_wconf 82' lang='lat' dir='ltr'><strong>putes</strong></span> <span class='ocrx_word' id='word_1_458' title='bbox 2243 4179 2523 4243; x_wconf 80' lang='lat' dir='ltr'><strong>contemni,</strong></span> <span class='ocrx_word' id='word_1_459' title='bbox 2566 4194 2714 4245; x_wconf 86' lang='lat' dir='ltr'><strong>quam</strong></span> 
     </span>
     <span class='ocr_line' id='line_1_86' title="bbox 1646 4252 2718 4310; baseline 0.005 -10"><span class='ocrx_word' id='word_1_460' title='bbox 1646 4264 1765 4301; x_wconf 89' lang='lat' dir='ltr'><strong>cum</strong></span> <span class='ocrx_word' id='word_1_461' title='bbox 1805 4252 1994 4303; x_wconf 79' lang='lat' dir='ltr'><strong>aedium</strong></span> <span class='ocrx_word' id='word_1_462' title='bbox 2032 4267 2297 4303; x_wconf 87' lang='lat' dir='ltr'><strong>sacrarum</strong></span> <span class='ocrx_word' id='word_1_463' title='bbox 2336 4255 2501 4305; x_wconf 77' lang='lat' dir='ltr'><strong>ruinae</strong></span> <span class='ocrx_word' id='word_1_464' title='bbox 2525 4256 2718 4310; x_wconf 76' lang='lat' dir='ltr'><strong>calcan-</strong></span> 
     </span>
     <span class='ocr_line' id='line_1_87' title="bbox 1646 4328 2712 4397; baseline 0.008 -21"><span class='ocrx_word' id='word_1_465' title='bbox 1646 4331 1752 4395; x_wconf 89' lang='lat' dir='ltr'><strong>tur,</strong></span> <span class='ocrx_word' id='word_1_466' title='bbox 1771 4328 1920 4394; x_wconf 81' lang='lat' dir='ltr'><strong>quasi</strong></span> <span class='ocrx_word' id='word_1_467' title='bbox 1957 4328 2184 4395; x_wconf 76' lang='lat' dir='ltr'><strong>religiosi</strong></span> <span class='ocrx_word' id='word_1_468' title='bbox 2225 4345 2379 4397; x_wconf 78' lang='lat' dir='ltr'><strong>aeque</strong></span> <span class='ocrx_word' id='word_1_469' title='bbox 2415 4346 2481 4383; x_wconf 90' lang='lat' dir='ltr'><strong>ac</strong></span> <span class='ocrx_word' id='word_1_470' title='bbox 2520 4338 2712 4384; x_wconf 82' lang='lat' dir='ltr'><strong>stantes</strong></span> 
     </span>
    </p>
   </div>
   <div class='ocr_carea' id='block_1_17' title="bbox 2996 2014 3000 2890">
    <p class='ocr_par' dir='ltr' id='par_1_27' title="bbox 2996 2014 3000 2890">
     <span class='ocr_line' id='line_1_88' title="bbox 2996 2014 3000 2890; baseline 0 0"><span class='ocrx_word' id='word_1_471' title='bbox 2996 2014 3000 2890; x_wconf 95' lang='lat' dir='ltr'><strong> </strong></span> 
     </span>
    </p>
   </div>
  </div>
 </body>
</html>
