3050 4917
2407 386 2587 459 2771

377 551 625 644 pavore
673 554 761 620 ad
807 553 1195 620 mutandam
1221 553 1418 620 fidem
1447 560 1754 638 cogerent
1772 552 1810 620 ε’
1852 556 1920 617 et
1945 551 2149 631 fuere,
2179 552 2317 636 ‚qui
2347 572 2422 618 se
2449 557 2588 620 sta-

379 661 501 725 tim
528 658 839 724 dederent'
859 655 907 723 :⁸
950 657 1199 741 plureS,
1247 659 1534 743 abrupto
1579 664 1846 742 ponte‚¹²¹
1891 653 2165 722 instanti
2192 657 2375 723 hosti
2402 657 2587 724 viam

382 764 817 830 abstulerunt.

378 387 644 483 sauna]
1030 371 1566 458 ms'romA'RUM
1614 406 1760 457 mn.
1804 406 1922 456 ιιι.

463 869 531 932 7¹.
576 865 875 948 Vulgata
921 863 1223 941 victoria,
1281 869 1438 949 post
1455 870 1475 900 ¹
1531 862 1865 949 principia
1921 862 2080 927 belli
2098 871 2128 900 ¹¹
2182 862 2545 929 secundum
2562 872 2594 901 ⁰
2699 957 2706 962 ὓ

381 969 769 1047 Flavianos,
800 969 986 1033 duae²
1028 968 1342 1049 legiones»,
1375 966 1667 1049 septima
1695 964 2087 1044 Galbiana,¹‘
2128 966 2586 1034 tertiadecima

382 1073 690 1150 Gemina,
742 1091 894 1136 cum
944 1069 1167 1135 Vedio
1217 1066 1492 1153 Aquila,
1547 1067 1826 1150 Legato,
1845 1077 1872 1116 ‘¹
1920 1068 2281 1134 Patavium
2330 1070 2587 1137 alacres

378 1177 680 1245 veniunt:
724 1175 820 1240 ibi
877 1175 1078 1259 pauci
1136 1172 1281 1237 dies
1340 1172 1427 1237 ad
1476 1173 1770 1256 requiem
1830 1172 2072 1238 sumti:
2121 1177 2188 1237 et
2238 1172 2586 1239 Minucius

306 1321 317 1332 ⁵
379 1356 597 1421 elstera,
626 1359 778 1423 quise
795 1357 1043 1419 confestim
1061 1360 1285 1409 dederent
1300 1373 1317 1407 .-
1345 1360 1509 1423 plures
1529 1357 1729 1408 abscisso
1746 1361 1909 1421 ponte,
1933 1355 2197 1406 imminenti
2217 1355 2345 1406 hosti
2358 1355 2458 1406 iter
2475 1357 2589 1407 ada·

444 1428 627 1551 szsssa
646 1489 860 1537 vietor-ia·
869 1486 1039 1547 samu„
1065 1494 1171 1550 post
1199 1487 1344 1538 initia
1366 1488 1473 1538 bena·
1496 1487 1745 1538 F’larianis
1763 1501 2003 1551 prospera,
2021 1487 2127 1535 ἀνω
2149 1485 2369 1549 legiones,
2386 1485 2590 1549 septim

381 1553 620 1603 Galbiana
651 1559 698 1602 et
730 1553 1054 1604 tertiadecima
1080 1553 1302 1616 Gemina,
1325 1556 1452 1604 κείω
1470 1555 1728 1603 adventant
1764 1553 2039 1612 Patavium,
2076 1567 2182 1601 cum
2213 1552 2360 1602 Vedio
2393 1552 2590 1616 Aquila,

377 1619 554 1681 legato.
621 1618 699 1668 Ibi
721 1619 822 1670 dies
841 1620 1018 1684 aliquot
1051 1620 1114 1670 od
1143 1618 1345 1684 quietem
1376 1620 1549 1670 munti.-
1580 1621 1627 1670 εἰ
1651 1618 1894 1669 Minucius
1910 1618 2101 1681 Justus,
2126 1615 2385 1681 proefectus
2412 1622 2591 1668 castro·

1311 1748 1665 1770 ‘HOMO‘

380 1828 600 1944 mss.
618 1830 769 1880 Harl.
792 1830 943 1881 Bodl.
965 1831 1076 1884 Jes.
1100 1832 1234 1897 Reg.
1255 1838 1310 1882 et
1328 1830 1641 1882 editionibus
1662 1829 1941 1894 veteribus,
1960 1830 2276 1902 inermen—8
2307 1830 2411 1881 Ms.
2432 1828 2590 1884 Corb.

528 1910 569 1945 e.

449 1963 475 2008 1
512 1959 597 2009 Ita
618 1960 769 2021 vulgo
806 1960 938 2011 Mss.
969 1967 1024 2010 et
1056 1960 1176 2011 libri
1215 1976 1391 2012 omnes
1429 1960 1577 2012 editi.
1644 1958 1695 2012 A
1718 1961 1848 2012 Mss.
1876 1960 2016 2012 Flor.
2040 1966 2097 2010 et
2131 1959 2245 2012 Jes.
2268 1958 2438 2022 abest,
2460 1965 2590 2025 post.

376 2022 446 2073 Iu
469 2025 573 2074 Ms‚
607 2023 787 2074 Guelf.
827 2027 988 2075 altera
1013 2033 1211 2076 tautum
1235 2042 1386 2076 manu
1410 2026 1646 2077 additum
1671 2034 1770 2078 est.
1834 2025 2097 2075 ‘sentabat
2133 2024 2249 2077 Jac.
2272 2025 2593 2089 Gronovius,

370 2103 480 2202 ger.
548 2090 703 2139 Forte
722 2090 834 2141 haec
858 2091 1026 2140 omnia
1050 2092 1225 2155 spuria
1246 2099 1384 2155 sunt,
1418 2098 1473 2141 et
1495 2092 1853 2142 additamenta
1892 2106 2008 2156 quae
2033 2106 2060 2140 e
2083 2092 2313 2154 margine
2336 2091 2389 2140 in
2427 2089 2593 2153 ipsam

415 2153 644 2205 istoriam
684 2156 952 2206 transiere.
1018 2156 1172 2208 Quod
1210 2156 1289 2206 Cl.
1331 2158 1558 2207 Ernesto
1587 2158 1697 2221 jam
1733 2157 2082 2207 observatum.
2151 2158 2227 2206 Ea
2265 2155 2486 2206 retinuit
2510 2156 2593 2206 Cl.

380 2218 617 2281 Gomon,
638 2227 692 2269 et
713 2221 906 2270 vertit:
941 2221 958 2250 ⁴
983 2220 1138 2270 After
1159 2222 1247 2270 the
1270 2222 1475 2285 victory
1494 2237 1601 2271 was
1626 2237 1801 2286 grown
1826 2222 2022 2285 public,
2045 2220 2147 2271 and
2168 2236 2222 2270 as
2246 2227 2300 2271 to
2324 2222 2412 2271 the
2434 2226 2594 2285 party

379 2283 443 2332 of
468 2284 751 2349 Vespasiau
775 2287 863 2336 the
885 2285 1000 2335 first
1020 2286 1218 2336 actions
1241 2285 1303 2335 of
1332 2289 1422 2336 the
1442 2301 1551 2336 war
1572 2287 1671 2336 had
1706 2286 1904 2350 proved
1937 2288 2292 2350 prosperans!
2360 2286 2595 2350 Murphy

379 2363 610 2415 quoque,
641 2352 658 2378 ‘
674 2350 790 2402 The
812 2350 949 2402 fame
968 2351 1033 2402 of
1047 2366 1079 2402 a
1101 2353 1323 2417 victory,
1345 2352 1592 2403 obtained
1612 2354 1664 2402 in
1691 2354 1779 2403 tbe
1801 2353 2079 2415 beginning
2101 2351 2163 2401 of
2181 2353 2269 2402 the.
2294 2367 2417 2414 war,
2437 2350 2592 2402 made

381 2429 448 2465 an
479 2416 781 2481 impressiou
815 2415 1087 2468 favorable
1110 2422 1166 2468 to
1193 2418 1530 2483 Vespasiau’s
1553 2416 1841 2470 camel-2
1872 2417 2104 2469 Budens.
2139 2420 2274 2468 male
2294 2421 2424 2483 date,
2454 2416 2594 2483 quod

1381 2566 1598 2617 NOTAE

445 2685 483 2713 ¹¹
513 2678 702 2743 Plures,
721 2680 919 2746 abrupto
947 2681 1112 2746 ponte]
1156 2681 1317 2732 Haud
1358 2681 1451 2730 du-

379 2753 468 2805 bie
489 2756 780 2819 presidium
816 2758 1087 2823 agitabant
1114 2759 1180 2807 ad
1218 2764 1450 2823 pontem,

1529 2680 1791 2732 Antonius
1824 2678 2051 2730 Primus.
2117 2679 2250 2728 Eam
2289 2684 2399 2728 tum
2440 2676 2598 2727 duce·

1528 2758 1624 2808 bat
1646 2757 1891 2807 Minucius
1916 2758 2106 2818 «Iustus,
2125 2755 2397 2822 proefeetus
2426 2759 2601 2805 castro·

380 2839 440 2883 et
465 2834 519 2883 iu
542 2847 608 2883 aa
647 2842 796 2898 parte
832 2850 933 2900 qua
955 2836 1265 2886 occurrebat
1291 2835 1449 2885 insta.-

380 2910 576 2977 batque
600 2911 778 2961 hostis.
827 2911 929 2961 Sed
951 2918 1143 2976 praeter
1165 2927 1312 2975 spem
1332 2926 1449 2975 par-

382 2987 477 3036 tim
500 2989 753 3051 oppressi,
775 2989 865 3053 qui
886 2990 941 3037 in
961 2998 1197 3039 extrema
1218 2990 1311 3038 hac
1334 3003 1448 3053 par·

381 3070 437 3112 te
461 3064 633 3127 pontis
656 3072 840 3127 erant;
879 3066 1070 3129 partim
1091 3080 1147 3115 se
1164 3065 1447 3116 dedebant.

381 3136 488 3188 Alii
514 3140 751 3205 plerique
775 3142 941 3204 primo
969 3135 1129 3205 metu,
1149 3148 1205 3191 et
1227 3141 1448 3192 durante

384 3228 578 3280 pugna,
599 3225 812 3279 pontem
829 3218 1106 3283 abrupere,
1130 3221 1309 3285 sicque
1329 3219 1346 3247 ‘
1372 3219 1448 3267 in·

383 3294 545 3345 stanti
567 3295 700 3346 boati
725 3297 856 3368 yiam
876 3296 1176 3348 abstulere!

448 3376 476 3404 ¹¹
519 3371 640 3426 Post
679 3374 918 3437 principi«
951 3373 1082 3439 belli]
1146 3375 1268 3425 Non
1309 3376 1449 3425 male

383 3447 625 3511 congruit
661 3462 777 3497 cum
815 3451 874 3498 iis
914 3465 1032 3514 qum
1072 3459 1452 3513 praecesserunt

385 3536 503 3587 cap.
524 3528 577 3573 2.
597 3526 613 3553 ‘
635 3525 752 3576 Jam
779 3536 1062 3578 reseratam
1088 3528 1324 3590 ltaliam:
1359 3543 1450 3580 seu

382 3598 622 3663 malitiosa,
642 3604 658 3630 ‘
680 3610 742 3652 ,et
758 3603 1005 3666 impulsas
1031 3604 1229 3654 Vitellii
1257 3620 1338 3654 res
1362 3620 1441 3654 au·

383 3673 577 3726 dietis?
642 3678 767 3738 Alii,
786 3680 1022 3744 principio
1042 3681 1166 3744 belli,
1184 3696 1250 3731 ex
1276 3684 1403 3733 Mss.

446 3761 472 3786 ⁰
503 3753 791 3819 Secundum]
847 3759 927 3806 Ne
948 3758 1207 3821 intelligas
1234 3760 1452 3822 praecise

386 3829 453 3881 de
493 3832 718 3881 victoria
753 3836 1003 3883 secundam
1044 3835 1326 3886 Flavianos.-
1358 3837 1452 3886 sed

384 3906 649 3972 intellige,
685 3910 752 3959 ob
802 3921 917 3959 eain
965 3913 1258 3974 victoriam,
1303 3914 1454 3964 initia

385 3983 510 4034 belli
535 3983 642 4047 jain
669 3984 841 4036 fausta
875 3986 1029 4038 fuisse
1055 3990 1313 4039 Flavianis
1338 4005 1454 4054 par-

384 4059 545 4122 tibus,
566 4062 704 4125 quod
723 4063 891 4124 magni
910 4065 1154 4114 momenti
1173 4064 1276 4115 fuit
1295 4061 1453 4117 :nam

374 4138 517 4200 santa
557 4139 679 4190 bena
719 4147 935 4192 constant
959 4158 979 4200 3
1008 4153 1062 4192 et
1105 4152 1262 4208 prout
1303 4144 1456 4195 initia

387 4216 533 4280 belli,
554 4218 629 4268 ita
648 4225 706 4269 et
727 4226 910 4269 cetera
930 4221 1274 4271 aestimantur.

449 4301 480 4338 Ρ
512 4293 733 4360 Septima
755 4295 1019 4362 Galbiana]
1068 4297 1227 4365 cnjus
1247 4299 1454 4365 legatus

1528 2850 1654 2897 rum,
1695 2834 1913 2886 absente
1957 2831 2184 2883 Antonio
2227 2832 2434 2894 legat03
2477 2830 2599 2895 quia

1529 2926 1736 2975 nempe,
1759 2917 1880 2976 post
1914 2911 2145 2975 legatum
2165 2910 2408 2975 legionis,
2431 2907 2601 2972 digni-

1532 2996 1644 3039 tate
1673 2988 2037 3053 ·praeminebat
2076 2987 2360 3053 praefectus
2403 2995 2604 3038 castro-

1530 3081 1659 3116 rum.

1593 3151 1618 3186 ‘l
1656 3146 1777 3194 Cum
1806 3143 1953 3194 Vedio
1972 3143 2167 3208 Aquila,
2190 3142 2399 3206 Legato]
2434 3143 2505 3192 Et
2534 3142 2600 3194 Τ.

1530 3220 1720 3284 Ampio
1764 3221 2011 3270 Flaviano
2063 3220 2349 3269 Pannoniae
2406 3219 2601 3284 legato.

1530 3298 1682 3347 Sunii.
1749 3299 1903 3362 Cepit
1921 3299 2179 3361 interpres
2198 3297 2453 3358 Gallicus,
2477 3308 2601 3361 qua-

1532 3376 1575 3425 si
1622 3375 1820 3425 duabus
1861 3376 1973 3425 istis
2014 3375 2299 3438 legionibus
2343 3379 2607 3436 praeesset

1529 3453 1728 3503 Vedius
1753 3453 1960 3516 Aquila.
2029 3452 2152 3501 Fuit
2181 3452 2267 3499 ille
2304 3456 2506 3499 tantum
2529 3449 2602 3498 le·

1535 3535 1683 3595 gatus
1729 3529 1950 3595 legionis
1991 3527 2385 3579 tertiaedecimae
2423 3524 2602 3577 Gemi-

1532 3622 1629 3658 nae.

1597 3685 1849 3749 Septimae
1868 3683 2356 3748 Galbianaelegatus
2378 3681 2479 3732 fuit
2496 3680 2602 3733 An·

1535 3761 1740 3823 tonius3
1775 3768 1833 3811 et
1852 3762 2071 3811 absente
2092 3760 2346 3825 Antonio,
2378 3761 2494 3811 loco
2528 3761 2603 3811 le-

1536 3840 1665 3904 gati,
1688 3841 1926 3904 septimae
1951 3840 2067 3889 huic
2085 3847 2315 3904 praeerat
2336 3841 2603 3892 Minucius

1536 3916 1734 3977 Justus,
1755 3916 2035 3980 pra‘fectus
2053 3925 2342 3968 castrorum
2365 3916 2602 3981 ejusdem

1534 3994 1773 4058 legionis,
1812 4003 1870 4044 ut
1904 3994 2013 4042 fieri
2039 3994 2259 4044 debuit:
2293 3999 2349 4043 et
2386 4009 2599 4047 summoe

1536 4087 1705 4122 rerum
1730 4088 1790 4122 ac
1814 4073 1952 4135 belli,
1976 4088 2064 4121 seu
2089 4070 2288 4120 duabus
2312 4072 2420 4120 istis
2443 4071 2605 4135 legio·

1535 4149 1706 4212 nibus,
1728 4156 1955 4213 praeerat
1976 4150 2036 4199 Τ.
2058 4145 2278 4210 Ampius
2309 4146 2605 4210 Flavianus,

1536 4232 1710 4276 rector
1737 4226 2024 4280 Pannoniae
2046 4231 2104 4277 et
2131 4221 2336 4290 legatus
2368 4225 2605 4284 cousula-

1537 4300 1628 4358 ris,
