3050 4917
497 354 675 423 3106
1210 370 1273 420 c.
1321 368 1687 418 consumi
1734 369 1990 419 merri
2380 378 2474 446 [A.
2495 382 2568 432 υ,
2595 385 2705 433 828.

489 517 815 604 jurarent,
847 516 1217 603 pignusque
1246 518 1412 582 tanti
1444 517 1711 582 sceleris
1750 536 1913 582 nece
1950 523 2071 583 aut
2096 518 2381 586 vinculis
2429 509 2706 606 Legato-
2736 575 2745 580 .

445 623 450 628 ’
493 640 646 686 rum
677 622 978 686 'dal-etur.
1069 619 1361 698 Vocula,
1413 639 1792 705 quanquam
1843 620 2147 705 plerique
2198 622 2427 708 fugam
2471 626 2705 693 suade·

496 724 684 804 bant,
706 724 1110 790 'audendum
1159 728 1367 802 ratiis,
1422 730 1668 790 vocata
1713 724 2058 804 concione,
2089 728 2161 790 in
2209 728 2385 793 hunc
2431 730 2707 795 modum

497 825 816 893 disseruit
848 849 864 893 ε
1311 839 1318 848 “
1363 833 1368 838 ’
2372 881 2379 890 .
2462 853 2475 890 ·.
2651 887 2657 891 ,

493 955 500 962 ·
581 932 687 997 58.
737 938 758 967 ‘
791 930 1152 1016 Nunquam
1183 930 1366 1015 apud
1413 951 1538 1012 vos
1588 931 1790 996 verba
1824 931 1976 1011 feci,
2007 937 2124 997 aut
2150 954 2274 1018 pro
2300 937 2498 1003 vobis
2553 940 2709 1004 soli·-

493 1035 715 1114 citior,
771 1031 896 1101 aut'
941 1039 1092 1119 pro'
1121 1054 1227 1098 me
1283 1035 1594 1098 securior.
1686 1033 1866 1098 Nam
1916 1036 2076 1100 mihi
2126 1037 2408 1101 exitium
2434 1042 2705 1123 parari,

393 1143 398 1147 ’
489 1139 712 1206 libens
741 1140 979 1205 audio:
1024 1139 1524 1221 mortemque‘in
1554 1142 1653 1202 tot
1677 1138 1876 1224 malis
1903 1138 2299 1219 honestam‚¹
2324 1140 2352 1178 ἂ
2406 1141 2482 1207 ut
2508 1143 2707 1208 finem

492 1244 935 1320 miseriarum,
967 1241 1279 1323 expecto,
1330 1267 1342 1279 ·
1369 1239 1596 1305 Vestri
1624 1259 1739 1303 me
1765 1241 1974 1323 pudet
2002 1244 2439 1328 miseretque,
2473 1246 2707 1312 adver-

495 1368 614 1414 sus
642 1345 972 1433 quos‘non
1021 1345 1323 1428 praelium
1359 1349 1424 1409 et
1449 1346 1629 1409 acies
1677 1350 2012 1427 parantur,
2038 1347 2108 1410 id
2139 1349 2321 1412 enim
2357 1349 2466 1414 fas
2497 1368 2706 1416 armo-

477 1470 640 1516 ·rum
668 1455 736 1514 et
767 1451 882 1535 ju's
911 1450 1245 1514 hostium.²
1333 1448 1593 1512 Bellum
1645 1467 1799 1512 cum
1830 1448 2094 1533 Populo
2119 1449 2431 1516 Romano
2469 1455 2710 1519 vestris

492 1573 568 1619 se
615 1554 924 1618 manibus
988 1557 1352 1636 gesturum,
1403 1548 1748 1615 Classicus
1797 1556 2045 1635 sperat,
2095 1553 2596 1640 Imperiumque
2642 1564 2708 1623 et

492 1651 975 1723 'sacramentum
1004 1654 1375 1720 Galliarum
1407 1658 1747 1719 ostentat„-
1800 1649 1996 1718 Adeo
2018 1661 2213 1733 'noS‚³
2260 1656 2322 1720 si
2347 1655 2613 1725 fortuna
2638 1661 2708 1725 in

490 1780 785 1846 praesens
812 1762 1177 1845 virtusque*
1219 1758 1530 1838 deseruit,
1550 1758 1753 1824 etiam
1769 1759 1999 1822 vetera
2018 1759 2334 1843 exempla
2351 1759 2704 1846 deficiunt3

490 1864 797 1948 quotiens
828 1863 1155 1929 Romanae
1186 1862 1481 1946 legiones
1527 1860 1745 1944 perire
1793 1861 2363 1954 praeoptaverint,5
2408 1882 2496 1927 ne
2552 1865 2706 1931 loco

484 2086 775 2132 sacramento
818 2082 1140 2144 adigerentur,
1179 2085 1227 2130 et
1251 2085 1654 2132 auctoramentum
1687 2081 1814 2131 tanti
1839 2080 2077 2141 facinoris
2107 2080 2402 2144 praeberetur
2432 2088 2590 2134 morte
2621 2091 2708 2134 mit

473 2161 670 2197 ‚carcere
687 2148 967 2207 legatorum.
1043 2147 1234 2210 Vocula,
1254 2148 1366 2197 licet
1386 2147 1523 2212 multi
1531 2145 1710 2208 fugam
1728 2147 1778 2201 ,ei
1800 2148 2107 2209 consulerent,
2131 2145 2260 2206 forti
2281 2148 2438 2197 animo
2460 2150 2702 2211 agendum

470 2212 681 2276 censuit,
701 2217 748 2262 et
765 2217 925 2261 uocato
947 2212 1119 2276 milite,
1138 2215 1190 2262 in
1212 2227 1313 2262 eam
1331 2213 1617 2262 sententiam
1639 2226 1772 2261 orsus
1787 2217 1857 2261 est
1873 2228 1891 2259 .·
2326 2225 2333 2266 ζ
2562 2265 2571 2270 -

471 2311 478 2316 -
551 2277 832 2342 Nunquam
869 2278 1006 2341 apud
1029 2292 1120 2327 vos
1158 2277 1442 2328 orationem
1476 2276 1654 2338 habui,
1676 2277 1759 2325 vel
1783 2290 1879 2340 pro
1903 2274 2046 2325 vobis
2070 2275 2233 2340 magis
2257 2277 2459 2341 auxius,
2493 2284 2589 2332 ant
2606 2295 2702 2343 pro

481 2354 570 2391 me
587 2356 712 2392 cura
733 2343 895 2405 magis
918 2357 1127 2392 vacuus.
1184 2343 1393 2407 Quippe
1414 2341 1582 2392 libens
1606 2341 1829 2405 accipio,
1844 2341 1969 2391 mihi
1986 2342 2271 2404 perniciem
2288 2344 2458 2394 strui:
2494 2359 2708 2395 necem-

463 2421 584 2471 -que
605 2406 661 2456 in
685 2414 765 2458 tot
808 2408 1207 2471 calamitatibus,
1228 2414 1289 2457 ut
1308 2408 1582 2457 honestum
1606 2407 1803 2457 exitum
1827 2420 2192 2468 aerumnarum,
2215 2408 2481 2472 opperior.
2551 2410 2707 2461 Subit

481 2472 710 2523 animum
748 2472 916 2537 pudor
935 2473 1097 2524 vestri
1120 2479 1175 2523 et
1196 2472 1477 2534 miseratio,
1497 2479 1682 2524 contra
1704 2487 1832 2537 quos
1854 2486 1956 2521 non
1980 2486 2158 2534 pugna
2179 2477 2234 2521 et
2258 2474 2400 2526 acies
2435 2476 2707 2526 instruun-

463 2542 590 2600 .tur,
609 2537 662 2587 id
686 2540 878 2603 quippe
904 2539 994 2602 jus
1037 2553 1316 2603 armerum,
1336 2544 1391 2588 et
1425 2536 1503 2587 fas
1538 2538 1781 2588 hostium.
1809 2565 1821 2594 ·.
1846 2537 2102 2595 Classicus
2141 2537 2241 2596 sibi
2270 2539 2570 2605 pollicetur,
2592 2541 2702 2592 bel-

480 2602 587 2652 lum
621 2603 888 2654 illaturum
925 2604 1144 2666 imperio
1179 2605 1327 2654 Rom.
1369 2604 1557 2652 vestris
1593 2601 1806 2666 dextris,
1831 2602 2286 2668 principatumque
2310 2611 2367 2654 et
2406 2620 2706 2656 sacramen·

479 2668 901 2719 tum-Galliarum
924 2670 1153 2720 ostentui
1177 2669 1307 2718 vobis
1329 2669 1563 2719 exhibet.
1588 2669 1747 2718 Adeo
1767 2668 1934 2731 nobis,
1945 2668 1988 2718 si
2010 2666 2118 2718 fors
2143 2670 2209 2717 ad
2229 2683 2458 2733 praesens
2475 2678 2533 2721 et
2557 2670 2708 2723 forti·

419 2769 423 2778 .
478 2733 612 2783 tudo
633 2733 894 2799 destituit,
929 2735 1088 2785 etiam
1112 2735 1283 2798 prisca
1322 2734 1562 2798 exempla
1591 2732 1815 2797 desuut3
1851 2733 2056 2798 quoties
2097 2734 2329 2799 legiones
2357 2736 2513 2788 Rom.
2539 2736 2703 2789 inter·

1407 2872 1763 2896 “““““““

546 2986 572 3029 l
608 2980 882 3030 Brotierus
923 2996 1039 3030 cum
1064 2979 1270 3044 Ryckio
1293 2985 1348 3028 et
1389 2977 1656 3027 Gronovio
1682 2991 1775 3040 pro
1814 2977 2072 3040 honestam,
2105 2977 2290 3029 scribit
2312 2980 2536 3032 hostium.
2596 2984 2699 3035 Co-

474 3047 613 3096 lerus
634 3046 793 3096 dabat
814 3046 867 3095 in
898 3051 971 3095 tot
992 3046 1203 3095 manibus
1222 3044 1448 3093 hostium.
1481 3044 1604 3106 Bip.
1636 3046 1916 3101 extremum,
1935 3041 2093 3106 quod,
2117 3044 2375 3108 quomodo
2407 3060 2443 3095 u
2465 3046 2698 3100 librariis

474 3111 708 3175 potuerit
732 3112 870 3160 verti
892 3111 944 3161 iu
966 3111 1188 3173 hostium,
1209 3108 1418 3172 difficile
1443 3108 1609 3157 dictu.
1680 3107 1863 3156 Potius
1894 3107 2138 3157 honestam
2160 3110 2431 3174 scripserit
2453 3112 2700 3179 Tacitus,

474 3183 537 3227 ut
580 3176 648 3227 A.
671 3190 713 3227 1.
748 3180 831 3227 70.
864 3177 1128 3228 ‘honestae
1160 3175 1342 3224 mortis
1371 3172 1529 3223 usos!
1597 3171 1660 3221 Id
1702 3171 1832 3235 'ergo
1873 3172 2052 3237 recepi
2074 3172 2212 3225 Anu.
2252 3189 2460 3241 quoque
2485 3192 2581 3229 xv.
2604 3185 2695 3232 25.

472 3256 573 3305 pro
602 3240 847 3292 inhonesta
868 3242 987 3292 libri
1021 3240 1218 3295 habent
1247 3240 1299 3288 in
1319 3240 1472 3300 hoste,
1506 3236 1710 3287 inlausta.
1780 3237 2064 3290 obest—2
2088 3238 2221 3288 Post
2257 3242 2463 3291 hostium
2487 3244 2701 3296 Grono-

470 3307 596 3368 vius,
610 3307 792 3356 inserit
829 3314 917 3372 est,
945 3304 1401 3366 ,consentientibus
1426 3302 1609 3353 Mstis.¹
1637 3302 1777 3351 Flor.
1805 3303 2032 3352 Budeus.
2052 3308 2108 3353 et
2130 3302 2360 3370 Aga—73
2385 3308 2515 3359 Mss.
2538 3309 2697 3364 Harl.

470 3369 602 3436 Agr.
624 3379 680 3423 et
703 3369 961 3436 Ryekius,
983 3374 1097 3421 adeo
1119 3385 1211 3419 vos.
1279 3370 1460 3419 Ceteri
1493 3382 1690 3430 omnes,
1708 3368 1822 3416 adeo
1843 3383 1943 3417 nos.
2005 3368 2181 3423 ,Paulo
2204 3370 2431 3421 vividior
2450 3375 2557 3425 erit
2579 3391 2694 3427 ora-

473 3437 565 3503 tio,
586 3437 626 3488 si
661 3453 742 3488 voe
778 3439 999 3502 legatur.
1063 3435 1380 3487 Brutine-⁴
1411 3435 1561 3499 Haec,
1595 3433 1834 3496 virtusque
1875 3432 2067 3484 absunt
2104 3450 2136 3485 a
2174 3435 2278 3485 Ms.
2319 3438 2558 3489 Bud.—5
2603 3442 2697 3492 Ita

1469 3579 1690 3674 »1013AE

536 3755 563 3789 ὓ
597 3756 659 3807 In
677 3762 748 3806 tot
768 3756 909 3807 malis
932 3756 1158 3822 hostium]
1194 3754 1351 3807 Haud
1375 3755 1533 3820 plane
1612 3756 1814 3813 nestum,
1840 3765 1928 3802 seu
1951 3752 2210 3820 honestam,
2232 3757 2399 3821 possit
2421 3759 2598 3826 colligi
2621 3778 2691 3814 ex

445 3834 674 3886 'demum
710 3833 885 3898 Forte,
901 3840 1093 3900 portum
1114 3834 1340 3900 etfinem.
1390 3830 1533 3884 Quid
1612 3829 1948 3894 sequentibus
1970 3846 1983 3879 ε
2027 3832 2044 3860 ‘
2064 3833 2146 3883 De
2187 3837 2441 3899 supremis
2486 3840 2691 3904 agitau-

472 3910 516 3961 εἰ
539 3911 590 3960 in
612 3915 683 3960 tot
700 3913 837 3961 malis
856 3909 1133 3962 honestam?
1200 3908 1422 3977 Lipsius.
1492 3927 1500 3934 ·
1616 3914 1722 3957 tem
1745 3906 1922 3957 liberti
1960 3910 2201 3975 servique
2235 3912 2562 3982 prohibuere,
2591 3915 2691 3967 foe.

532 3987 595 4036 Iu
615 3992 687 4037 tot
708 3990 845 4037 malis
865 3985 1092 4049 hostium]
1127 3986 1288 4035 Forte
1301 3986 1535 4049 scripsit,
1617 3985 1877 4037 dissimum
1898 3993 2120 4048 mortem
2144 3995 2331 4054 sponte
2354 3993 2688 4056 praevenire?
2736 4043 2745 4050 ,

463 4066 808 4127 mortemquein
818 4069 891 4114 tot
904 4064 1539 4129 malis,honestumutfinem,
1616 4065 1741 4115 Scit.
1762 4065 2034 4127 foedz’ssima
2055 4081 2196 4131 mors,
2213 4072 2329 4133 quae
2354 4084 2386 4117 a
2415 4066 2687 4122 desertore

464 4140 683 4191 Mallem
722 4148 898 4191 tamen
922 4141 1130 4190 abesset
1162 4139 1253 4192 illa
1291 4157 1410 4207 vox,
1432 4143 1536 4192 hos·
1588 4142 1764 4193 ·iliata
1780 4150 1890 4206 est3
1923 4150 1979 4195 at
2000 4145 2209 4212 honesta,
2229 4160 2382 4211 quam
2396 4161 2491 4198 sua
2525 4153 2686 4199 man‘u

441 4219 587 4267 'tium
601 4233 619 4276 ,·
640 4225 697 4268 et
706 4217 847 4269 forte
865 4217 1076 4281 irrepsit
1092 4232 1157 4268 ex
1175 4219 1533 4286 sequentibus,
1613 4225 1778 4290 sponte
1790 4222 2155 4289 praeveuisset.

467 4299 572 4346 aut.
591 4295 726 4345 male
752 4294 935 4346 addita
969 4302 1066 4348 est.
1130 4296 1434 4365 Scripsisse,
1457 4298 1534 4348 ho-
