3050 4917
336 650 588 730 sent‚’ni
617 651 903 716 Sabinus
923 650 1226 717 revulsas
1247 651 1541 735 undique
1563 657 1872 734 statuas‚⁸
1894 655 2135 723 decora
2154 660 2289 745 maj
2296 660 2538 745 orum,¹j²

333 756 402 822 in
445 756 594 839 ipso
639 753 846 839 aditu,
895 753 1048 819 vice
1093 754 1287 833 muri,
1328 755 1714 840 objecisset.
1802 758 1977 823 Tum
2003 758 2321 826 diversos*
2348 765 2535 848 capi-

335 858 472 924 tolii
523 858 749 924 'aditus
801 859 817 873 “
797 855 1138 937 irhvadunt
1177 857 1382 943 juxta
1428 860 1652 926 lucum
1698 862 1892 946 asyli,
1921 866 1990 928 et
2034 883 2169 948 qua
2205 865 2535 951 'sarpeia⁴

330 1031 468 1091 etque
484 1027 732 1078 semiustas
754 1028 983 1092 Capitolii
1002 1029 1163 1078 valum
1177 1030 1515 1094 perr-apium,
1525 1030 1622 1079 nisi
1638 1028 1842 1080 Sabinus
1856 1031 2070 1094 dereptas
2086 1030 2262 1094 passim
2280 1014 2535 1098 imagines,

332 1107 442 1157 quae
463 1098 757 1143 monumenta
778 1094 1024 1156 mnjmm,
1059 1094 1112 1142 in
1140 1095 1242 1157 ipso
1263 1095 1444 1156 limine,
1463 1097 1527 1145 ud
1546 1095 1702 1144 instar
1721 1095 2018 1158 munimenti,
2037 1097 2337 1159 opposuisset
2408 1098 2534 1150 Tun

329 1158 478 1209 viru-ios
498 1159 732 1225 Capitolii
752 1158 913 1212 aditus
932 1163 1178 1225 occupant,
1190 1173 1335 1225 prope
1354 1175 1518 1212 nem
1531 1160 1690 1226 Asyli,
1706 1167 1755 1210 et
1776 1177 1868 1224 qua
1887 1160 2137 1226 Tarpeium
2155 1177 2325 1240 nm
2342 1169 2534 1217 cmm

1247 1305 1276 1324 θ
1281 1304 1337 1325 00
1341 1304 1425 1325 000
1428 1304 1606 1326 ‘0000‘

325 1409 356 1455 4
387 1397 664 1457 Με.Ἠιιι-1.
687 1403 893 1471 Tarpeii.
957 1405 1088 1458 Mss.
1109 1405 1263 1458 Bodl.
1286 1406 1400 1458 Jes.
1421 1405 1602 1460 Guelf.
1623 1412 1678 1459 et
1701 1368 1955 1459 editiones
1979 1412 2187 1459 veteres
2208 1413 2331 1460 ante
2366 1378 2529 1462 Bere:

1311 1566 1535 1620 NOTAE

323 1685 493 1732 essent
512 1697 543 1732 a
565 1681 748 1732 Flavio
769 1680 979 1733 Sabino.

381 1759 441 1808 In
472 1758 813 1823 prominentem
845 1757 1100 1825 porticum]
1160 1758 1383 1811 Sumunt

320 1832 382 1885 de
403 1834 574 1899 priore
605 1835 833 1899 porticu,
866 1850 982 1900 quae
1017 1841 1170 1888 extra
1206 1851 1378 1887 arcem

319 1914 373 1959 et
391 1908 525 1959 foras
546 1910 882 1976 promineret.

314 2024 323 2035 .
376 1993 403 2030 t
433 1986 888 2051 Revubuaeundique
907 1987 1114 2051 statum]
1163 1988 1380 2038 Romani

315 2063 498 2112 multas
537 2063 771 2113 Deorum
810 2069 1008 2115 statuas
1048 2079 1380 2129 marmoreas,

315 2144 602 2203 argenteas,
624 2153 806 2190 aureas
845 2140 898 2189 iu
938 2142 1195 2205 Capitolio
1218 2157 1378 2207 pone·

309 2205 708 2266 bant.1·'*lorus
751 2215 931 2266 scribit
969 2216 1116 2268 Jovis
1152 2223 1377 2268 statuam

307 2290 359 2340 in
380 2291 650 2357 Capitolio
677 2290 890 2342 fulmine
926 2292 1203 2356 dejectam.
1268 2294 1379 2344 Pli-

307 2369 416 2419 nius
437 2385 587 2433 vero,
619 2369 767 2420 victis
787 2369 1121 2435 Samnitibus,
1140 2368 1376 2436 ejusdem

308 2447 409 2498 Dei
446 2454 675 2499 statuam
713 2461 745 2497 a
779 2448 996 2512 Spurio
1008 2449 1232 2509 Qarvilio
1271 2447 1375 2502 fac·

304 2530 429 2587 tam,
449 2524 631 2591 ibique
654 2520 882 2575 erectam
905 2525 1053 2576 dicit.

373 2603 562 2653 Cicero
586 2602 791 2652 actione
812 2606 861 2651 7.
882 2602 937 2652 in
955 2603 1208 2654 Verrem:
1245 2604 1261 2631 ‘
1283 2604 1374 2656 Jo-

309 2695 421 2732 vem
459 2682 846 2745 Imperatorem
887 2688 1079 2746 quanto
1108 2682 1288 2734 honori
1319 2683 1375 2733 in

311 2772 399 2809 suo
433 2761 632 2824 templo
652 2757 817 2809 fuisse
850 2758 1205 2809 arbitramini?
1253 2759 1375 2810 hinc

310 2837 552 2903 colligere
578 2836 813 2902 potestis,
836 2836 879 2885 si
915 2835 1177 2886 recordari
1198 2837 1373 2886 volue-

311 2916 438 2981 ritis,
459 2921 660 2982 quanta
700 2915 950 2980 religione
990 2914 1151 2964 fuerit
1190 2906 1372 2966 eadem

308 2995 477 3057 speeie
535 2999 693 3058 atque
745 2991 917 3042 forma
970 2992 1172 3056 siguum
1225 2991 1373 3053 illud,

309 3071 440 3134 quod
463 3085 532 3121 ex
557 3069 867 3120 Macedonia
888 3075 1117 3133 captum,
1138 3067 1193 3117 in
1222 3068 1373 3134 Capi-

300 3148 429 3209 ⁴telio
453 3153 704 3213 posuerat
726 3142 1041 3196 Flaminia&

369 3224 456 3276 Ad
509 3225 626 3274 haec
680 3225 936 3274 clarorum
987 3222 1371 3287 Imperatorum

306 3301 617 3367 imaginibus
672 3301 980 3365 Capitolium
1035 3300 1372 3351 exornabant.

303 3379 620 3432 Plutarchus
665 3379 898 3429 meminit
938 3377 1157 3428 Fabium
1201 3377 1372 3428 Maxi-

305 3471 444 3521 mum
461 3473 608 3509 suam
639 3463 864 3509 statuam
880 3469 948 3504 ex
967 3469 1072 3505 aere
1094 3452 1373 3505 conflatam

303 3533 458 3597 juxta
481 3534 768 3585 Herculem
791 3533 1069 3582 collocasse
1089 3548 1104 3592 ;
1155 3531 1372 3596 priseos-

308 3624 407 3675 que
443 3611 726 3674 Romanos,
743 3610 904 3674 ipsius
933 3609 1102 3674 Bruti,
1132 3609 1220 3674 qui
1240 3610 1371 3660 Tar·

306 3687 504 3752 quinios
528 3687 750 3752 expulit,
767 3693 991 3736 statuam
1009 3687 1241 3750 posuisse
1263 3700 1370 3736 me-

306 3761 442 3822 diam
464 3765 604 3815 iuter
625 3779 804 3828 regum
826 3768 1040 3813 statuas.

371 3840 557 3892 Cicero
579 3855 675 3906 pro
697 3833 908 3890 Rabirio
929 3838 1109 3898 refert,
1127 3838 1371 3904 Scipioni,

308 3915 393 3982 qui
416 3916 727 3969 Antiochum
746 3916 960 3979 devicit,
980 3921 1205 3966 statuam
1229 3929 1370 3967 erec-

306 3997 435 4057 tam,
457 4008 562 4044 non
595 3993 759 4044 solum
795 4007 913 4043 cum
953 3993 1244 4058 chlamyde,
1273 3993 1365 4043 sed

307 4069 604 4121 etiamnum
624 4070 867 4135 crepidis.
912 4069 1175 4134 ‚Lupanua

370 4146 592 4210 Statuas]
659 4148 780 4199 Non
825 4148 1093 4198 Deorum:
1149 4162 1270 4197 uam
1313 4146 1367 4197 in

308 4222 501 4285 templo
521 4222 668 4274 Jovis
691 4223 977 4289 Capitolini
1000 4222 1149 4275 fuere
1168 4229 1368 4275 tantum

309 4296 579 4351 simulacra
615 4300 895 4350 «Iuventutis
913 4307 970 4351 et
991 4300 1231 4385 Termini.-
1278 4300 1366 4368 qui

439 4379 613 4447 Dezpk.
633 4387 681 4433 et
700 4380 821 4435 γαν.
845 4382 975 4434 cun.

1339 4382 1496 4436 Tacit.

1462 1683 1552 1734 Dii
1570 1684 1758 1736 cedere
1777 1683 2055 1734 noluerunt
2071 1680 2533 1746 exangui-antibus.

1457 1760 1614 1812 Teste
1635 1759 1903 1826 Dionysio,
1927 1760 2148 1809 alterum
2169 1757 2271 1808 fuit
2293 1758 2345 1808 in
2368 1761 2529 1810 vesti-

1457 1834 1581 1888 bulo
1602 1836 1749 1887 eellae
1771 1835 2045 1898 Minervae,
2068 1835 2290 1885 alterum
2327 1834 2380 1884 in
2415 1835 2528 1901 ipsa

1457 1914 1614 1976 cella,
1625 1913 1784 1978 juxta
1804 1912 2054 1977 pulvinar.

1522 1990 1714 2055 Itaque
1748 2002 1867 2039 cum
1901 1987 2043 2052 leges
2080 1986 2135 2037 in
2181 1987 2247 2036 P.
2286 1987 2487 2039 victore
2505 2002 2526 2045 z

1456 2066 1472 2095 ‘
1499 2065 1827 2130 Capitolium,
1866 2063 1959 2114 ubi
2015 2063 2240 2114 omnium
2284 2064 2524 2116 Deorum

1457 2145 1733 2195 simulacra
1754 2143 2088 2195 celebrantur
2107 2143 2141 2205 ;'
2175 2157 2238 2193 ea
2256 2149 2311 2193 et
2335 2143 2527 2209 similia

1458 2222 1524 2273 de
1569 2223 1682 2287 ipso
1725 2228 1899 2272 monte
1953 2220 2207 2285 capienda
2250 2227 2389 2285 sunt,
2436 2223 2525 2289 qui

1457 2313 1611 2364 paene
1648 2304 1788 2350 totus
1806 2300 2042 2350 Deorum
2078 2298 2199 2361 aris,
2223 2298 2425 2365 statuis,
2461 2314 2525 2351 ae

1457 2377 1663 2442 templis
1685 2377 1908 2427 insessus
1930 2381 2070 2425 erat:
2107 2380 2255 2439 puto,
2280 2379 2389 2424 tum
2412 2382 2528 2426 tan-

1455 2461 1566 2506 tum
1613 2454 1876 2505 revulsere
1915 2450 2165 2519 imagines
2201 2450 2427 2500 virorum
2466 2451 2526 2500 il-

1453 2530 1715 2596 lustrium,
1760 2543 1878 2595 quae
1922 2531 2178 2577 vocantur
2225 2525 2312 2576 hic
2358 2529 2526 2579 decora

1452 2606 1703 2669 mqy‘orum,
1723 2618 1821 2655 nec
1845 2603 1938 2654 abs
1959 2616 2033 2653 re.
2499 2596 2506 2603 ’

1518 2685 1739 2750 Statuas]
1803 2684 1934 2735 Quae
1956 2695 2061 2731 non
2097 2680 2149 2730 in
2190 2670 2406 2746 templ'o,
2426 2679 2524 2733 sed

1454 2762 1509 2813 in
1530 2777 1653 2811 area
1677 2760 1986 2825 Capitolinae
2011 2758 2144 2811 arcis
2165 2758 2277 2809 sitae
2299 2765 2464 2809 eraut.

1517 2839 1738 2903 Statuas]
1751 2900 1758 2905 ,
1770 2839 1902 2890 Quae
1928 2842 2133 2898 statuae,
2152 2835 2278 2885 licet
2300 2849 2521 2886 marmo-

1453 2931 1559 2966 reae
1597 2920 1687 2965 aut
1723 2926 1902 2973 oeneae,
1936 2926 2117 2977 parum
2151 2911 2393 2962 resistere
2430 2926 2521 2977 po-

1451 2993 1691 3055 tuissent,
1707 2990 1748 3041 si
1768 2987 2039 3039 affuissent
2057 2994 2318 3040 tormenta
2333 2994 2388 3038 et
2413 2989 2522 3038 tela

1449 3069 1685 3129 missilia,
1720 3067 1813 3117 sed
1852 3064 1970 3115 solis
2002 3063 2185 3128 gladiis
2225 3070 2396 3115 strues
2432 3062 2524 3115 iun

1452 3144 1838 3195 simulacrorum
1860 3142 2079 3193 convelli
2105 3140 2260 3192 facile
2289 3155 2390 3192 non
2430 3156 2525 3208 po·

1453 3223 1571 3273 tuit.

1516 3300 1739 3365 Statuas]
1801 3298 1990 3350 AEueas
2012 3297 2125 3348 scil.
2166 3296 2387 3363 ideoque
2409 3297 2520 3363 igni

1449 3377 1782 3441 resistebant,
1801 3385 1924 3441 post
1942 3370 2083 3426 fores
2104 3374 2381 3428 ambustas.

1513 3453 1539 3487 ¹¹
1574 3455 1766 3504 Decor-u
1801 3446 2050 3515 maiorum]
2115 3451 2234 3501 Hoc
2269 3452 2412 3516 cepit
2429 3451 2519 3502 In.

1452 3528 1655 3596 tei-pres
1681 3531 1822 3581 Gall.
1845 3529 1991 3596 quasi
2014 3534 2070 3577 et
2092 3527 2195 3577 alia
2216 3533 2522 3581 ornamenta

1451 3610 1638 3674 templi
1657 3607 1852 3659 foribus
1877 3606 2243 3659 admovissent.
2311 3605 2418 3654 Per
2438 3607 2520 3662 dc,-

1449 3702 1560 3737 cora
1579 3686 1830 3747 meierum,
1862 3685 1947 3734 bic
1983 3682 2112 3732 nihil
2147 3679 2289 3732 aliud
2326 3679 2523 3732 intelli·

1448 3764 1676 3828 gendum
1723 3770 1921 3827 praeter
1963 3760 2101 3825 ipsas
2153 3762 2515 3825 statuus,·quae
2554 3823 2558 3827 ι

1449 3847 1594 3892 certe
1616 3841 1784 3890 decora
1806 3841 2059 3889 avorum·
2100 3835 2275 3887 Etiam
2301 3843 2358 3887 et
2381 3836 2518 3900 ipso-

1449 3931 1563 3968 rum
1585 3931 1765 3980 regum
1787 3917 1993 3966 inerant
2016 3918 2222 3964 statum.
2306 3913 2371 3963 In
2390 3926 2518 3969 ‚eun-

1449 3994 1570 4045 dem
1603 4006 1843 4044 errorem
1893 3992 2068 4058 lapsus
2112 3998 2194 4042 est
2241 3989 2516 4056 Interpres

1448 4071 1737 4137 Hispanus.

1509 4146 1524 4180 ¹
1558 4147 1811 4213 Diversus]
1874 4139 2089 4196 Duabus
2130 4144 2244 4196 scil.
2281 4124 2517 4209 partibus

1447 4224 1733 4286 invadunt;
1780 4237 1967 4287 nempe
1992 4236 2086 4286 per
2109 4223 2261 4272 lucum
2280 4208 2422 4286 asyli,
2457 4225 2517 4271 et

1446 4316 1539 4365 qua
1558 4306 1744 4352 centum
1759 4297 1992 4364 gradibus
2009 4298 2190 4351 aditur.
