3050 4917
531 421 714 490 3174
1240 435 1309 484 c.
1356 433 1727 484 conuuml
1773 435 2037 485 τΑσιτι
2428 431 2527 506 [A'.
2544 441 2750 494 usn.

538 583 835 661 oraculo,
892 580 1255 648 remedium
1311 588 1671 667 petentem,
1700 604 1981 667 purgare
2009 583 2321 667 Regnum
2348 589 2419 650 et
2442 585 2516 651 id
2545 603 2755 669 genus
2846 643 2855 650 .

537 687 900 764 hominum,
951 694 1056 751 ut²
1097 685 1386 750 invisum
1434 686 1627 764 Deis,
1655 687 1846 750 alias³
1897 689 1965 750 in
2012 694 2223 751 terras
2266 688 2577 751 avehere⁴
2605 688 2757 771 jus-

541 809 716 856 sum.
831 789 950 855 Sic
1007 789 1458 872 conquisitum
1516 789 2005 873 collectumque
2059 790 2326 872 vulgari,
2386 797 2753 873 postquam

540 895 756 960 vastis
783 893 980 963 locis'
1007 892 1310 957 relictum
1339 892 1453 968 sit,
1484 894 1720 956 ceteris
1765 912 1890 976 per
1934 893 2271 976 lacrymas
2316 893 2756 976 torpentibuS‚

545 996 812 1075 Mosen,
889 1015 1096 1059 unum
1166 994 1486 1070 exulum‚⁵
1543 993 1935 1072 monuisse,⁶
1999 1015 2083 1059 ne
2160 1016 2365 1080 quam
2434 996 2757 1060 Deorum

539 1100 963 1165 hominumve
1008 1117 1204 1181 opem
1252 1101 1709 1180 expectarent,
1738 1096 2097 1181 utrimque⁸
2151 1098 2419 1175 deserti,
2454 1098 2572 1162 sed
2602 1098 2759 1175 sibi,

544 1206 620 1268 ut
671 1201 854 1266 Dnci
920 1200 1206 1278 coelesti,
1263 1198 1654 1278 crederent‚⁹
1706 1200 1926 1282 primo
1982 1201 2177 1285 cujus
2230 1202 2531 1265 auxilio'
2586 1219 2763 1286 prae-

545 1387 776 1439 homiues
799 1388 1194 1449 contaminaret,
1228 1388 1342 1454 regi
1374 1389 1657 1451 Bocchori,
1678 1388 1913 1437 consulto
1934 1379 2145 1437 oraculo
2176 1386 2319 1436 Jovis
2338 1384 2669 1445 HammoniS,
2686 1397 2768 1452 re·

547 1453 776 1503 medium
813 1454 1094 1517 postulanti
1128 1454 1439 1518 imperatum
1460 1469 1577 1515 esse,
1611 1461 1669 1502 ut
1693 1461 1944 1516 purgaret
1967 1454 2304 1516 provinciam,
2343 1459 2400 1501 et
2441 1465 2557 1499 eam
2582 1462 2766 1512 proge-

550 1519 689 1567 niem
731 1520 1041 1578 mortalium,
1065 1527 1311 1582 tanquam
1343 1518 1585 1568 infestam
1613 1519 1749 1578 Diis,
1768 1519 1819 1566 in
1853 1520 1980 1567 alias
2018 1518 2255 1582 regiones
2279 1517 2614 1579 deportaret.
2677 1512 2766 1562 Sic

549 1584 856 1648 investigata
891 1592 1262 1648 contractaque
1306 1583 1603 1646 multitudo,
1641 1593 1914 1647 postquam
1952 1582 2174 1632 desertis
2207 1584 2334 1632 locis
2372 1582 2637 1631 destituta
2674 1579 2762 1639 sit,

550 1649 745 1697 ceteris
766 1647 895 1698 fletu
930 1656 986 1698 et
1022 1649 1200 1698 dolore
1231 1649 1650 1711 hebescentibus,
1681 1649 1886 1712 Mosen,
1920 1663 2073 1698 unum
2098 1645 2435 1712 profugorum
2472 1645 2550 1693 eis
2585 1651 2771 1693 consu-

551 1713 727 1775 luisse,
771 1728 838 1762 ne
897 1714 1036 1790 qnod
1093 1714 1339 1763 auxilium
1374 1714 1490 1763 Deo
1590 1730 1605 1761 ι
1665 1723 1757 1762 aut
1806 1714 2062 1762 homiuum
2099 1720 2394 1776 sperarent,
2425 1711 2492 1760 ab
2533 1709 2773 1772 utrisque

553 1777 747 1842 relicti,
768 1779 864 1829 sed
886 1780 985 1828 sibi
1009 1778 1105 1844 ipsi
1126 1777 1468 1840 confiderent,
1491 1786 1546 1828 ta
1583 1793 1735 1843 quam
1759 1777 1936 1829 divino
1957 1778 2097 1844 duci,
2132 1778 2300 1843 primo
2335 1776 2487 1841 cujus
2511 1773 2781 1839 adjutorio

1475 1934 1502 1952 O
1509 1933 1837 1953 „OOOOOOOOO

513 2095 526 2110 ,
556 2040 773 2091 occur-im
793 2043 875 2093 vel
905 2041 1175 2093 dechor-int.
1238 2041 1471 2093 Budens.
1497 2044 1903 2093 Bocchorum—2
1935 2042 2079 2091 Male
2102 2039 2442 2101 Puteolanus,
2466 2042 2513 2087 et
2551 2037 2775 2087 incisum

556 2107 883 2157 Brotier.—-3
917 2110 1055 2158 Alius
1076 2111 1227 2159 abest
1263 2123 1294 2156 a
1318 2110 1418 2159 Ms.
1439 2109 1691 2159 Corb.—4
1727 2111 1871 2158 Bene
1889 2107 1965 2157 sic
1991 2107 2115 2157 Mss.
2136 2105 2291 2155 Bodl.
2316 2104 2427 2155 Jes.
2452 2104 2776 2153 Puteolanus

555 2178 612 2220 et
635 2173 973 2223 recentiores,
1022 2173 1088 2222 Iu
1108 2174 1240 2224 Mss.
1263 2174 1399 2238 Reg.
1424 2174 1584 2223 Corb.
1606 2173 1752 2222 abire.
1805 2172 1980 2221 Editio
2002 2172 2271 2236 princeps,
2291 2169 2510 2228 obiicere.
2548 2168 2776 2217 Brotier.

556 2242 653 2285 -5
707 2238 822 2286 Ms.-
850 2239 977 2303 Reg.
1015 2246 1071 2287 et
1111 2239 1277 2289 editio
1315 2241 1581 2304 princeps,
1609 2238 1813 2298 Moisen,
1845 2254 1987 2287 mm
2027 2239 2230 2286 exulan.
2297 2236 2426 2283 Mss-
2471 2233 2626 2282 Harl.
2666 2233 2782 2284 JeS.

558 2301 718 2350 Corb.
754 2303 953 2367 Moysen
975 2311 1066 2352 aut
1089 2305 1423 2367 moysem—o
1455 2304 1554 2355 Ed.
1593 2319 1671 2367 pr.
1705 2303 2016 2352 moriam—7
2051 2300 2303 2354 Quaedam
2328 2299 2605 2348 Editiones
2628 2299 2781 2347 Deor.

560 2367 924 2431 temptor-unque
944 2368 1170 2418 hom—8
1192 2369 1280 2418 Ita
1290 2369 1418 2419 Mss.
1435 2370 1579 2419 Flor.
1598 2370 1728 2432 Reg.
1747 2369 1901 2419 Corb.
1918 2366 2050 2431 Agr.
2074 2367 2236 2416 editio
2260 2365 2525 2429 princeps,
2538 2364 2782 2428 Ryckius

559 2438 618 2480 et
655 2434 990 2483 recentiores.
1056 2434 1187 2482 Mss.
1222 2434 1374 2483 Harl.
1396 2434 1551 2484 Bodl.
1579 2434 1692 2485 Jes.
1727 2441 1783 2483 et
1822 2434 2160 2492 Puteolanus,
2191 2432 2250 2480 ab
2285 2429 2499 2493 utrisque
2518 2429 2785 2477 deserti.—

559 2500 594 2545 9
626 2496 721 2546 Sed
739 2497 944 2560 sibimet,
962 2503 1018 2547 ut
1038 2501 1147 2548 duci
1169 2499 1362 2558 eoelesti,
1382 2502 1626 2549 crederent
1655 2500 1786 2548 Mss.
1824 2498 1975 2548 Harl.
2015 2497 2168 2546 Bodl.
2204 2497 2312 2546 Jes.
2350 2494 2683 2543 Puteolanus
2726 2499 2781 2543 et

559 2562 880 2612 recentiores
900 2565 1040 2627 [cum
1063 2564 1283 2628 Ryekio,
1306 2565 1537 2614 Gronov.
1558 2572 1614 2614 et
1637 2564 1891 2626 Brotier.]
1957 2563 2173 2614 Orosius
2197 2574 2423 2625 quoque,
2440 2574 2484 2608 ι.
2510 2563 2595 2607 10.
2622 2560 2781 2607 habet

558 2628 660 2676 sed.
726 2627 790 2677 In
811 2629 938 2678 Mas.
963 2630 1102 2679 Flor.
1126 2631 1256 2692 Reg.
1280 2638 1440 2694 atque
1472 2630 1702 2680 editione
1741 2627 2301 2693 principe,etsibiaoet.
2368 2625 2432 2674 In
2472 2624 2582 2674 Ms-
2620 2623 2783 2673 Corb.

560 2692 612 2740 ni
633 2691 841 2742 sibimet.
909 2694 970 2743 In
996 2695 1098 2743 Ms.
1125 2694 1249 2758 Agr.
1271 2699 1322 2743 ut
1344 2695 1555 2746 sibimet.
1618 2694 1858 2743 Secunda
1892 2709 2044 2742 manu
2080 2693 2135 2741 in
2176 2693 2275 2741 hoc
2312 2690 2498 2739 codice
2536 2703 2703 2753 super
2733 2693 2787 2737 ut

564 2759 847 2819 ascriptum
884 2764 950 2809 ei.
1018 2759 1180 2808 Forte
1203 2768 1377 2808 autem
1399 2759 1661 2809 redundat
1680 2765 1751 2810 ut.
1816 2757 1985 2809 Abest
2007 2758 2143 2807 enim
2168 2772 2200 2805 a
2222 2756 2350 2806 Mss.
2378 2755 2513 2817 Reg.
2537 2754 2701 2803 Corb.
2724 2764 2781 2803 et

564 2820 797 2871 editione
838 2823 1091 2887 principe.
1161 2825 1275 2873 Nec
1317 2825 1443 2873 illud
1482 2824 1674 2873 habent
1711 2824 1929 2874 Orosius
1970 2829 2027 2872 et
2068 2822 2209 2870 Otho
2245 2819 2618 2883 Frisingensis,
2658 2833 2788 2884 quos

562 2886 686 2935 vide
725 2888 862 2937 inter
896 2889 1210 2937 Testimonia
1229 2889 1498 2939 Veterum.
1570 2885 1803 2939 Schelius
1841 2888 2172 2951 emendabat,
2206 2888 2423 2936 adessent
2461 2885 2688 2933 sibimet.-
2736 2888 2789 2932 ut

562 2952 673 3001 daci
692 2954 868 3002 coelesti
886 2955 1146 3015 crederent,
1164 2953 1321 3018 primo
1338 2955 1483 3016 cnjus.
1538 2955 1656 3005 Nec
1678 2955 1831 3003 aliter
1851 2955 1905 3005 J.
1934 2955 1989 3003 F.
2009 2949 2307 3003 Gronovius
2331 2959 2385 2999 et
2407 2950 2491 3000 Cl.
2516 2951 2793 3011 Ernestus,

566 3017 656 3082 qui
675 3017 863 3068 sibimet
883 3018 950 3068 ad
972 3018 1006 3069 J
1013 3018 1190 3069 udaeos
1208 3035 1224 3080 ;
1265 3020 1421 3084 primo
1441 3018 1576 3080 cnjus
1597 3020 1664 3070 ad
1694 3022 1924 3085 quemvis
1945 3017 2267 3081 Judaeomm,
2287 3017 2379 3081 qui
2402 3015 2480 3064 eis
2502 3030 2663 3079 opem
2685 3013 2792 3064 fer-

1558 3170 1777 3222 NOTAE

563 3277 702 3342 Λόγῳ
737 3283 1062 3344 παραινεηκῷ.
1130 3281 1266 3330 Nam
1300 3282 1391 3345 ait,
1430 3285 1445 3311 ‘
1467 3284 1631 3333 Quar-
1774 3290 1799 3315 ¹¹
1846 3282 2152 3346 Hammonis]
2218 3281 2482 3330 Hammon
2535 3279 2793 3343 templum

568 3364 677 3405 tum
711 3370 837 3406 vero
875 3355 1056 3407 dicunt
1086 3357 1433 3422 legislatorem
1471 3358 1632 3408 fuisse
1711 3359 2098 3409 Hammoniacae
2123 3358 2353 3422 regionis
2374 3356 2615 3421 minoris,
2636 3358 2692 3406 in
2712 3356 2794 3406 Li·

565 3433 874 3483 Bocchorim
906 3448 1083 3497 regem
1143 3435 1399 3499 quendam
1431 3436 1633 3499 sapien·
1712 3436 1816 3501 bya
1837 3437 2051 3500 proprie
2075 3435 2240 3485 dicta.
2312 3434 2563 3485 Tillomn.

567 3515 758 3570 tem,et
775 3518 893 3561 astu
907 3525 967 3560 ac
984 3510 1191 3560 vafritie
1207 3513 1633 3576 praecellentem?
1778 3521 1801 3547 ⁷
1835 3515 2093 3578 Postquam
2113 3513 2262 3563 vastis
2282 3514 2420 3577 locis]
2454 3513 2675 3574 Mirum,
2694 3526 2794 3562 non

631 3588 804 3637 Etiam
836 3587 1056 3637 Orosius
1092 3587 1223 3636 libro
1248 3602 1284 3638 ι.
1323 3589 1633 3639 Bocchorim
1717 3589 1911 3640 addere
1934 3606 2068 3654 eum,
2081 3590 2268 3655 quibus
2284 3590 2337 3637 in
2355 3589 2505 3638 locis.
2575 3588 2654 3637 At
2675 3603 2795 3637 sane

567 3664 820 3727 appellat,
844 3672 903 3713 ut
924 3671 981 3713 et
1004 3665 1310 3714 Plutarchus
1333 3665 1508 3715 libello
1533 3668 1636 3730 περὶ
1716 3681 1782 3715 ex
1825 3668 2147 3716 Tertulliano
2202 3666 2481 3730 legendum
2536 3666 2798 3725 videatur,

565 3740 815 3792 Boeotias.
879 3742 1066 3805 Itaque
1094 3741 1216 3804 jure
1249 3742 1464 3792 vacillo:
1515 3759 1635 3796 nam

570 3818 811 3868 Clemens
848 3811 1044 3867 Stromf
1063 3832 1103 3866 1.
1144 3818 1352 3866 Omosim
1374 3818 1529 3882 hunc,
1553 3822 1636 3870 vel

564 3895 784 3945 Amasim
804 3896 1054 3958 appellat.

635 3969 711 4020 At
735 3973 868 4034 qnod
907 3971 971 4020 ad
1014 3986 1122 4021 rem
1158 3972 1339 4037 ipsam,
1373 3974 1502 4025 falsa
1537 3983 1639 4040 est,

571 4052 630 4098 et
651 4046 894 4096 refellunt
920 4047 1040 4096 libri
1063 4050 1213 4100 sacri.
1291 4052 1481 4102 Tamen
1506 4069 1640 4103 sum-

570 4124 644 4175 sit
664 4123 775 4173 liaec
797 4124 1009 4172 Tacitus
1050 4140 1082 4173 a
1119 4127 1436 4192 Lysimacho,
1460 4131 1535 4180 uti
1569 4133 1642 4180 vi-

568 4201 696 4251 dere
735 4209 884 4264 potes
937 4201 1077 4266 apud
1130 4202 1416 4268 Josephnm
1456 4216 1643 4260 contra

571 4274 849 4340 Apionem,
887 4277 979 4326 lib.
1020 4291 1062 4326 1.
1100 4289 1354 4343 extremo,
1390 4283 1479 4333 ubi
1513 4286 1640 4337 item

572 4352 844 4420 scriptum,
866 4353 1144 4406 Bocchorim
1208 4356 1430 4423 Lipsius.
1532 4391 1539 4396 ·

1715 3745 1864 3792 castis
1894 3742 2093 3793 Arabia.»
2126 3742 2257 3792 locis.
2325 3742 2379 3791 Is
2418 3742 2563 3792 enim
2602 3741 2797 3806 Apolo-

1717 3823 1891 3885 getico
1946 3829 2142 3882 narrat,
2199 3821 2502 3870 Cornelium
2558 3820 2797 3869 Tacitum

1717 3900 1988 3965 scripsisse
2034 3902 2086 3949 in
2133 3898 2276 3949 Hist.
2314 3913 2369 3948 v·
2419 3898 2682 3949 ‘Jndaeos
2715 3895 2798 3946 ΔΞ-

1720 3982 1881 4039 gypto
1904 3975 2178 4040 expeditos
2199 3976 2308 4024 sive
2330 3982 2596 4036 extorres,
2614 3974 2670 4023 in
2693 3989 2801 4023 vas·

1721 4054 1789 4103 tis
1837 4053 2048 4103 Arabiae
2093 4053 2221 4103 locis
2265 4066 2518 4116 aquarum
2564 4049 2798 4116 egenos‚'

1720 4135 1819 4180 &c.
1887 4130 2071 4179 Orosio
2092 4138 2267 4179 tamen
2283 4143 2388 4177 non
2406 4128 2568 4179 aliter
2584 4130 2800 4191 lectum,

1720 4222 1874 4273 quam
1897 4207 2058 4256 nostri
2081 4205 2199 4254 libri
2221 4204 2531 4267 praeferunt.
2588 4205 2798 4268 Lanius.

1785 4290 1817 4314 '¹'
1850 4285 2018 4333 Primo
2038 4284 2170 4345 cujus
2189 4281 2397 4346 auxilio]
2465 4282 2616 4336 Citat
2644 4281 2797 4332 etim

1720 4362 1797 4414 ita
1809 4361 2059 4413 Orosius:
2094 4359 2304 4425 ambigo
2322 4365 2505 4411 tamen
2522 4367 2581 4411 et
2597 4365 2799 4423 contor,
