3050 4917
427 387 606 458 2772
1118 399 1210 452 c.
1255 398 1618 450 coauann
1664 377 1921 452 notri
2307 402 2405 471 [Α.
2427 404 2645 464 um.-

427 552 478 622 J
479 557 698 642 ustus,
756 545 1130 617 Praefectus
1174 553 1563 615 castrommr
1605 547 1889 632 legionis
1934 546 2263 633 septimae,
2285 551 2472 635 'quia
2518 548 2641 620 ad·

431 657 746 737 ductiuS,³
767 662 788 692 ⁸
837 672 1037 739 quam
1091 652 1278 718 civili
1319 652 1519 732 bello,
1566 652 2030 737 impefitabat,
2059 653 2440 719 subtractus
2463 653 2641 720 mili-

429 767 575 828 tum
617 756 784 837 irae:
825 757 913 822 ad
962 755 1472 841 Vespasianum
1524 755 1775 820 missus
1828 758 1953 819 est.
2075 754 2477 821 Desiderata
2522 756 2640 823 diu

427 883 563 941 reS,
594 861 1154 947 interpretationeu
1183 859 1444 941 gloriae,
1487 860 1602 923 in*
1627 858 1849 943 majus
1880 858 2232 944 accipitur,
2279 864 2639 944 postquam

429 969 452 1001 ‘
483 964 728 1033 Galbae
742 974 770 1002 V
825 963 1172 1047 imagines»,
1229 959 1612 1026 discordia*
1663 965 2034 1045 temporum
2085 962 2510 1042 subversa8,¹
2566 962 2642 1026 in

426 1149 766 1228 ram-septim
786 1147 1003 1211 legionis,
1019 1147 1383 1225 quiawacerbiuos,
1400 1162 1542 1212 quum
1561 1147 1779 1223 civilibus
1798 1147 1946 1225 amis
1960 1147 2101 1206 licet,
2122 1147 2403 1211 imperabat,
2422 1146 2644 1225 indigna-

426 1216 772 1340 mem
784 1214 1786 1343 ffli‘ss‘afflfflfflmwdss
1809 1214 2643 1342 13353'3332'1‘ff0252333‘3'5:

429 1345 566 1410 pidis
580 1344 777 1409 Italiae,
789 1342 988 1408 effigies
1002 1343 1208 1409 Galbae,
1222 1343 1535 1394 dissensione
1550 1352 1839 1408 temporum
1851 1343 2110 1409 dejectas:
2124 1344 2383 1408 gloriosum
2396 1342 2643 1394 Flavianis

432 1580 669 1633 Rhenani
705 1580 970 1646 ingenium
1003 1543 1202 1632 frustra
1237 1580 1491 1631 exercuit.
1529 1579 1840 1631 (Mediae-3
1873 1581 1961 1631 Sic
1996 1579 2133 1631 bene
2154 1579 2284 1631 Mss.
2306 1578 2480 1631 Vatic.
2502 1580 2643 1631 Flor.

431 1647 592 1698 Corb.
630 1648 854 1711 Lipsiae,
898 1646 1126 1697 Pichena
1156 1653 1213 1697 et
1236 1646 1574 1697 recentiores.
1640 1647 1901 1712 corrupte
1923 1646 2027 1696 Ms.
2050 1648 2182 1710 Reg.
2203 1645 2445 1695 adducitis.
2510 1643 2641 1694 Mss.

431 1711 586 1764 Harl.
611 1712 764 1763 Bodl.
794 1712 911 1765 Jes.
947 1719 1005 1763 et
1037 1712 1292 1763 editiones
1328 1717 1553 1776 veteres,
1586 1713 1824 1762 audacium
1855 1712 2184 1763 Brotier.—-4
2215 1710 2445 1762 Budens.
2464 1710 2642 1777 interp.

1432 1857 1648 1910 NOTAE

492 1980 517 2008 ¹·
544 1973 813 2035 Proesectus
833 1974 1116 2040 castrorum]
1140 1973 1387 2024 Praeerat
1407 1973 1496 2026 ille

426 2049 615 2115 legioni
637 2052 872 2117 septimae
890 2051 1164 2104 Galbianae
1183 2066 1196 2103 ε
1218 2066 1338 2102 nam
1357 2055 1499 2117 septi-

426 2143 518 2178 moe
544 2129 821 2179 Claudiam
841 2127 1056 2193 praefuit
1081 2128 1336 2192 Vipsanas
1357 2129 1497 2179 Mes-

425 2204 1498 2270 salla,locoTertiiJuliani,legatilegionis

426 2279 600 2343 istius,
618 2281 708 2346 qui
732 2282 871 2332 ultra
885 2289 1111 2332 montem
1127 2282 1368 2332 Haemum
1385 2296 1500 2346 pro·

427 2354 655 2420 fugerat,
687 2363 833 2407 metu
856 2357 1122 2407 Saturnini
1161 2358 1359 2407 Moesire
1388 2372 1498 2407 rec·

428 2433 580 2482 toris.
644 2433 868 2484 Miserat
903 2434 1207 2484 Saturninus
1236 2434 1496 2485 centurio·

426 2524 548 2561 nem
568 2510 637 2562 ad
653 2526 770 2563 eum
785 2511 1219 2577 interficiendum,
1230 2519 1494 2577 proetextu

426 2588 676 2653 partium.

443 2709 455 2720 .
493 2671 513 2698 ⁸
543 2664 833 2729 Adductius]
865 2665 930 2715 Id
961 2672 1060 2730 est,
1095 2665 1341 2718 severius.
1406 2665 1494 2717 Sic

427 2741 567 2798 Anu.
604 2744 640 2794 1.
679 2758 796 2794 xw.
839 2747 853 2773 ‘
875 2745 1117 2804 Pluribus
1154 2744 1495 2808 sermonibus,

425 2820 583 2872 modo
603 2801 955 2882 familiaritate
981 2821 1203 2885 juvenili
1241 2822 1406 2884 Nero,
1439 2828 1498 2871 et

426 2911 606 2948 rursus
628 2898 925 2961 adductius,
963 2899 1111 2963 quasi
1148 2898 1283 2949 seria
1311 2912 1495 2948 conso-

427 2974 627 3038 ciaret!
674 2978 745 3026 Et
768 2976 884 3026 eod.
908 2975 1001 3026 lib.
1019 2988 1138 3025 xiv.
1159 2976 1175 3003 ‘
1196 2974 1496 3025 Adductum

428 3058 486 3101 et
509 3052 657 3117 quasi
690 3052 840 3103 virile
870 3052 1178 3118 servitium‚'
1215 3051 1305 3102 ubi
1338 3052 1410 3114 de
1428 3051 1498 3100 A·

426 3129 689 3195 grippina.

442 3241 471 3262 .·
493 3208 510 3239 ‘
541 3207 823 3259 &btv-actus
842 3210 1046 3260 militum
1064 3207 1177 3272 im]
1210 3209 1334 3259 Seii.
1355 3207 1494 3258 haud

426 3282 587 3341 dubie
609 3285 677 3336 ab
702 3285 927 3338 Antonio
960 3287 1154 3348 Primo,
1191 3285 1280 3336 cui
1311 3286 1497 3350 praeci-

429 3374 537 3425 pua
558 3363 840 3413 auctoritas
875 3360 1015 3426 apud
1054 3364 1186 3411 hanc
1224 3361 1497 3425 legionem.

429 3438 546 3490 Nec
569 3438 621 3488 id
657 3438 798 3490 forte
818 3440 937 3489 sine
951 3437 1278 3489 aemulatione
1301 3436 1353 3486 in
1381 3436 1500 3488 June

429 3520 562 3579 tum,
605 3523 664 3565 ut
704 3517 842 3567 solus
889 3516 1028 3566 bello
1073 3514 1365 3578 potiretur:
1401 3526 1498 3563 nec

419 3592 534 3659 ,iam
556 3594 669 3643 sine
690 3593 970 3644 ambitione
991 3592 1044 3641 in
1067 3592 1247 3654 vulgus
1281 3590 1499 3642 militum

429 3668 728 3732 Antonius;
783 3670 1001 3734 ideoque
1051 3667 1333 3718 Minucium
1379 3667 1500 3720 sub·

428 3746 610 3810 trabit,
664 3747 932 3811 mittitque
981 3745 1050 3796 ad
1088 3744 1495 3808 Vespasianum:

428 3822 505 3884 sie
528 3823 780 3874 describit
799 3824 1055 3872 hominem
1070 3823 1283 3871 Tacitus
1304 3819 1456 3872 infra.

494 3909 519 3935 ¹
564 3901 986 3966 Interpretatione]
1037 3901 1326 3951 Praesentia
1370 3914 1501 3950 sern—

428 3991 528 4042 per
569 3977 690 4027 odio
736 3987 886 4028 sunt:
936 3979 1168 4029 homines
1207 3977 1321 4028 fere
1362 3977 1500 4050 aequi

429 4054 722 4110 absentium
747 4064 803 4106 et
824 4054 938 4106 fato
962 4055 1272 4107 functorum.
1334 4055 1499 4119 igitur

427 4130 651 4195 populus
674 4139 729 4180 et
770 4131 909 4194 boni,
940 4141 1058 4197 post
1081 4133 1305 4183 Othonis
1331 4132 1498 4182 scelus

428 4211 486 4256 et
506 4206 791 4257 Vitelliam
833 4222 994 4271 arma,
1037 4209 1246 4259 tandem
1292 4206 1499 4256 deside-

429 4296 547 4335 rare
566 4281 751 4336 Galbae
774 4284 1122 4337 innocentiam
1144 4300 1236 4337 seu
1259 4289 1501 4336 constan·

1579 1972 1707 2023 tiam
1730 1965 2032 2037 coeperunt3
2057 1977 2114 2022 et
2134 1971 2337 2036 pridem
2360 1970 2643 2036 cupiebant

1580 2050 1681 2114 ipsi
1699 2050 1908 2101 restitui
1942 2050 2120 2114 decus,
2142 2063 2234 2099 seu
2257 2048 2438 2112 reponi
2460 2045 2642 2112 imagi·

1577 2143 1672 2179 nes
1695 2127 1866 2189 illius3
1902 2127 2041 2193 quod
2064 2141 2199 2177 nunc
2220 2125 2349 2176 facit
2370 2125 2645 2177 Antonius.

1643 2206 1812 2271 Igitur
1859 2221 1922 2255 ea
1960 2214 2043 2255 res
2080 2204 2133 2254 in
2171 2203 2338 2267 majus
2387 2202 2646 2267 accipitur

1577 2284 1717 2346 apud
1762 2282 1966 2347 vulgus,
2017 2296 2113 2346 per
2157 2279 2645 2344 interpretationem

1579 2360 1785 2423 gloriae:
1821 2359 1944 2424 qnia
1962 2372 2149 2423 nempe
2183 2358 2428 2408 decorum
2448 2363 2505 2407 et
2534 2356 2645 2420 glo·

1578 2436 1767 2487 riosum
1796 2436 2057 2487 Flavianis
2080 2437 2317 2499 partibus
2339 2433 2644 2498 putabatur,

1578 2515 1593 2542 ‘
1618 2514 1661 2563 si
1684 2514 1894 2577 placere
1913 2513 2096 2563 Galbae
2115 2514 2435 2577 principatus
2451 2517 2508 2563 et
2530 2524 2647 2575 par-

1575 2596 1658 2642 tes
1678 2590 2001 2642 revirescere
2012 2590 2385 2643 crederentur!

1638 2669 1726 2719 Sic
1768 2667 2100 2720 leniebantur
2144 2677 2202 2720 et
2235 2669 2644 2720 conciliabantur

1577 2745 1851 2811 Hispania,
1874 2747 2070 2810 Gallia,
2104 2753 2162 2797 et
2183 2747 2349 2797 ceteri
2383 2745 2643 2798 Galbiani.

1577 2826 1649 2875 Et
1672 2824 1799 2875 licet
1821 2839 1878 2873 re
1898 2825 2012 2888 ipsa
2032 2825 2085 2874 in
2109 2824 2339 2888 speciem
2358 2829 2560 2875 tantum
2580 2837 2645 2873 ac

1576 2915 1824 2965 pompam
1845 2898 2041 2964 effigies
2065 2901 2255 2951 Galbae
2293 2900 2501 2964 publice
2524 2915 2646 2965 pro·

1576 2985 1914 3043 ponerentur,
1941 2985 2180 3032 ,attamen
2212 2977 2647 3042 interpretatione

1547 3093 1552 3098 .
1577 3054 1782 3112 decoris
1804 3055 1855 3104 in
1878 3055 2170 3118 Flavianos,
2203 3068 2266 3103 ea
2288 3067 2371 3103 res
2399 3053 2454 3103 in
2476 3054 2642 3118 majus

1579 3131 1962 3197 accipiebatur,
1998 3129 2195 3188 utfieri
2214 3132 2350 3182 solet
2372 3129 2511 3196 apud
2533 3128 2644 3180 vul-

1576 3224 1689 3274 gus.

1642 3283 2063 3350 Interpretatione]
2094 3285 2543 3349 Interpretatione
2559 3282 2649 3334 bo·

1577 3363 1791 3426 minum,
1814 3362 1945 3413 etin
1966 3377 2056 3411 ore
2079 3361 2252 3424 famae,
2266 3361 2457 3412 crescit
2481 3359 2648 3425 gloria

1579 3449 1701 3507 post
1723 3442 1944 3505 cineres,
1965 3448 2023 3492 et
2048 3440 2313 3506 praecipue
2335 3438 2645 3504 principum,

1580 3516 1766 3583 quibus
1807 3518 1917 3583 jam
1958 3532 2061 3570 non
2106 3518 2395 3567 invidetur:
2451 3516 2502 3564 bi
2533 3515 2650 3579 ,ξω

1582 3597 1968 3659 comparatione
2002 3610 2352 3648 successorum
2391 3609 2534 3658 saepe
2555 3593 2648 3644 de·

1582 3673 1893 3726 siderantur.
1992 3671 2437 3734 Interpretatione
2491 3668 2645 3722 samm

1582 3755 1639 3800 et
1671 3750 1849 3812 gloriae
1893 3764 1955 3799 ae
1986 3749 2273 3800 rumoribus
2298 3747 2350 3798 id
2385 3748 2439 3797 in
2478 3747 2646 3811 majus

1582 3825 1963 3888 accipiebatur,
2002 3840 2155 3890 quam
2178 3824 2371 3887 reipsa
2393 3823 2508 3873 fuit.
2574 3824 2651 3876 Et

1582 3908 1642 3954 ut
1663 3901 1818 3961 fama,
1839 3901 1915 3950 ita
1936 3899 2099 3951 factio
2124 3902 2415 3965 praepollet.

1593 4022 1601 4028 .
1645 3986 1668 4011 v
1703 3978 1893 4039 Galba]
1930 3977 2190 4027 Adversus
2222 3978 2444 4028 Galbam
2480 3976 2648 4031 rebel·

1579 4056 1714 4105 larat
1757 4055 2014 4116 Vitellius,
2060 4056 2277 4119 jamque
2323 4054 2647 4106 Othonianas

1582 4141 1760 4197 partes
1795 4134 2072 4195 excitarat,
2113 4143 2164 4179 et
2193 4131 2647 4194 victastlegionea

1581 4208 1806 4258 Othonis
1826 4208 1940 4258 scil.
1966 4209 2018 4258 in
2038 4209 2269 4273 partibus
2282 4208 2396 4272 jam
2417 4205 2649 4258 babebat

1571 4281 1878 4347 -Antonius;
1911 4293 2186 4351 supererat
2217 4284 2400 4350 igitur,
2437 4290 2498 4336 ut
2519 4284 2651 4344 Galq
