3050 4917
344 417 358 429 ·
454 383 629 452 3110

1103 373 1219 449 ³0.
1267 399 1629 450 corinun
1674 399 1930 448 ἰἈοιτι
2350 404 2442 471 [Α.
2463 403 2683 459 usssae

452 546 522 611 ni
550 545 821 630 Imperii
846 544 1266 629 insignibuS‚⁰
1290 543 1361 608 in
1382 539 1625 611 'castra
1648 544 1845 609 venit.
1935 541 2086 608 Nec
2114 528 2254 623 ·illi‘,
2278 563 2665 628 quanquam
2752 547 2756 556 '

454 650 540 714 ad
570 669 763 714 omne
786 648 1043 714 facinus
1074 647 1334 728 durato,
1369 651 1570 714 verba
1596 649 1769 713 ultra
1797 647 2327 732 suppeditavere,
2352 668 2558 732 quam
2586 654 2664 714 ut

453 760 938 818 sacramentum
964 754 1296 819 recitaret.
1386 751 1431 817 J
1435 771 1731 830 uravere,
1763 752 1877 835 qui
1912 750 2205 828 aderant,
2240 755 2260 785 ‘
2289 771 2412 835 pro
2441 750 2670 834 Impe-

451 855 552 918 rio
581 854 999 922 Galliarum.'
1087 856 1573 921 Interfectorem
1606 853 1890 919 Voculae
1940 854 2092 919 altis
2132 853 2526 930 ordinibus»,¹'
2556 871 2668 917 ce-

451 964 649 1036 teros,
684 965 755 1023 ut
777 960 1055 1044 quisque
1086 960 1398 1042 flagitium
1430 964 1810 1037 navaverat‚
1838 958 2135 1042 praemiis
2159 957 2421 1023 attollit.
2474 954 2668 1020 Divi-

452 1078 549 1124 sae
595 1060 749 1125 inde
803 1064 970 1127 inter
990 1062 1303 1127 Tutorem
1361 1066 1425 1128 et
1470 1061 1843 1132 Classicum
1891 1079 2096 1125 curae.
2183 1057 2397 1123 Tutor
2439 1058 2685 1123 valida·

379 1211 391 1223 .
452 1181 653 1226 manu
672 1165 1122 1229 circumdatos
1139 1161 1682 1248 AgrippinenseS,
1706 1170 2157 1247 quantumque
2176 1162 2462 1228 militum
2480 1159 2668 1245 apud

452 1266 857 1349 superiorem
903 1268 1119 1332 Rheni
1165 1270 1429 1352 ripam,q
1472 1269 1545 1331 in
1602 1267 1838 1332 eadem
1883 1269 2087 1333 verba
2131 1266 2363 1349 adigit,
2414 1264 2667 1330 occisis

455 1366 900 1450 Magontiaci¹
933 1370 1295 1450 Tribunis}
1337 1371 1537 1455 pulso
1581 1377 1947 1436 castrorum
1979 1368 2341 1447 Praefecto,
2387 1368 2504 1454 qui
2550 1367 2669 1431 de-

452 1473 909 1537 trectaverant.
999 1472 1349 1539 Classicus
1378 1476 1954 1559 corruptissimum
1991 1492 2320 1559 quemque
2360 1492 2400 1537 e
2426 1470 2669 1537 deditis

456 1681 613 1725 castra
635 1681 848 1730 accessit.
872 1682 973 1731 Nec
994 1683 1088 1745 illi,
1111 1684 1221 1734 licet
1241 1687 1304 1735 ad
1335 1700 1466 1735 omne
1491 1684 1744 1749 flagitium
1767 1685 2076 1747 obduruisset,
2097 1683 2252 1733 oratio
2273 1682 2402 1731 ultra
2422 1679 2675 1745 suppetiit,

454 1755 595 1802 quam
614 1748 668 1792 ut
688 1746 863 1807 legeret
884 1755 1241 1801 sacramentum.
1308 1753 1504 1812 Adacti,
1522 1750 1603 1815 qui
1631 1755 1888 1813 proeseuies
1911 1755 2066 1809 eraut,
2099 1749 2150 1798 in
2169 1748 2333 1797 verba
2356 1747 2672 1796 Galliarum.

459 1806 787 1883 Peucmwm
827 1812 1011 1863 Voculoe
1031 1817 1097 1863 ad
1127 1817 1302 1879 primos
1325 1816 1515 1865 militia:
1553 1817 1735 1878 gradus
1772 1815 1977 1876 evehit;
2010 1816 2149 1878 alios,
2167 1812 2434 1877 utquisque
2456 1826 2506 1860 se
2536 1809 2669 1871 faci-

453 1885 586 1920 noris
603 1876 856 1925 satellitem
878 1882 1075 1938 tulerat,
1117 1881 1330 1944 proemie's
1353 1886 1568 1932 exomat.
1638 1881 1770 1930 Dein
1789 1881 1973 1944 partita
1995 1881 2121 1931 iuter
2165 1880 2384 1928 Tutorem
2404 1882 2452 1927 et
2493 1877 2676 1925 Classi-

452 1951 561 2013 ⁶¹¹²¹ff
584 1939 786 2002 iml'erii
807 1944 983 1993 munia.
1058 1945 1204 1994 Tutor
1211 1946 1359 2011 firmo
1389 1948 1581 2007 agmine
1618 1947 1935 1997 circumsessos
1956 1945 2347 2010 Agrippinenses,
2362 1948 2410 1992 et
2448 1941 2677 2006 quicquid

453 2016 692 2079 ⁶⁰P¹f¹⁷¹⁴m
711 2015 824 2055 emt
865 2011 992 2071 “pud
1013 2011 1295 2073 superiorem
1331 2011 1489 2061 Rheni
1530 2027 1677 2071 oram,
1713 2014 1872 2061 eodem
1906 2016 2197 2062 sacramento
2218 2007 2491 2070 obstringit,
2520 2007 2676 2055 inier-

437 2063 830 2145 sectwetribuuis
865 2074 1191 2139 Magnentiaci,
1226 2083 1282 2127 et
1317 2076 1461 2137 eiecto
1496 2081 1756 2126 castrorum
1788 2076 2037 2142 prafecto,
2087 2078 2167 2141 qui
2208 2074 2349 2138 adigi
2402 2075 2674 2122 uoluerant.

458 2130 695 2184 Classicus
713 2135 1151 2201 flagitiosissimum
1185 2157 1402 2205 quemque
1420 2157 1445 2191 e
1467 2141 1644 2191 deditis
1679 2142 1755 2192 ire
1779 2142 1841 2193 ad
1865 2143 2102 2193 obsessos
2124 2140 2282 2203 jubet,
2301 2140 2526 2190 salutem
2548 2135 2676 2188 offe-

1376 2286 1583 2308 mm
1585 2286 1731 2308 00000

524 2390 550 2435 l
587 2387 730 2441 Male
754 2392 855 2444 Ms.
878 2394 1012 2460 Reg.
1059 2401 1115 2447 et
1153 2397 1318 2448 editio
1352 2398 1614 2466 princeps,
1647 2399 1790 2452 occisi
1839 2397 2142 2463 maguntiaci
2174 2395 2376 2448 tribuni.
2441 2392 2676 2476 Brotierj.

1448 2565 1673 2616 NOTAE

454 2684 598 2748 cujus
638 2702 793 2753 supra
831 2689 928 2742 hoc
963 2692 1097 2743 libro
1133 2694 1306 2760 capite
1338 2699 1423 2746 22.
1455 2693 1519 2746 fit

451 2761 661 2814 mentio.

518 2838 534 2865 ⁴
559 2838 783 2907 Legati,’
830 2843 1018 2911 inquit,
1066 2847 1368 2912 ‘legionum
1401 2849 1517 2899 Mu-

453 2914 583 2965 iuius
629 2918 896 2982 Lupercus
940 2930 996 2973 et
1040 2925 1305 2976 Numisius
1347 2925 1515 2976 Rufus

454 2991 643 3046 vallum
685 3007 961 3062 murosque
983 2997 1301 3054 firmabant?
1337 3001 1513 3052 Infra:

454 3066 888 3122 ‘Annumerabor
923 3076 1171 3138 Numisjis
1210 3085 1266 3129 et
1311 3079 1516 3129 Heren-

452 3142 569 3207 niis,
590 3153 648 3195 ut
665 3161 839 3197 omnes
855 3150 1017 3215 legati
1036 3155 1232 3220 vestri‚'
1254 3159 1354 3207 διο.
1392 3157 1517 3207 Rhe-

448 3235 616 3272 nauus.

517 3298 790 3350 Herennius
808 3303 1010 3368 legatus
1054 3308 1238 3372 primae
1279 3310 1517 3376 legionis,

451 3375 533 3425 cui
556 3376 786 3441 hyberna
804 3381 1025 3446 Bonnae‚
1042 3390 1099 3434 et
1122 3385 1373 3437 Numisius
1404 3404 1518 3453 sep·

452 3451 833 3521 timaedecimae,
864 3474 979 3526 quae
1005 3462 1222 3513 Novesii
1244 3474 1376 3517 erat.
1428 3466 1518 3517 Sa·

448 3530 610 3584 vilius.

514 3615 538 3640 ⁰
571 3608 756 3660 Sumtis
778 3611 983 3662 Romani
1002 3613 1199 3678 Imperii
1221 3616 1513 3683 insignibus]

451 3682 536 3735 An
558 3692 619 3737 ut
650 3685 764 3751 ipse
803 3688 1060 3739 Classicus
1104 3691 1323 3757 insignia
1358 3694 1517 3759 impe·

450 3761 534 3827 rii,
597 3769 842 3829 tanquam
897 3768 1197 3832 imperator,
1252 3770 1512 3821 induerit?

450 3839 592 3889 Cave
631 3842 846 3903 credas3
882 3844 974 3895 sed
1011 3844 1265 3910 intellige,
1299 3848 1514 3913 aquilas,

446 3914 656 3977 vexilla,
694 3925 970 3985 ceteraque
995 3921 1212 3971 Romani
1247 3925 1513 3974 exercitus

446 3991 594 4057 signa
614 4008 786 4044 secum
821 3999 1061 4048 sumsisse
1082 4016 1094 4050 ε
1131 4007 1185 4048 et
1207 4000 1399 4049 nullum
1422 4001 1514 4050 im·

446 4077 743 4133 perstarem
780 4074 1116 4137 nominatum,
1159 4074 1252 4124 sed
1277 4077 1513 4139 juratum

447 4161 561 4208 esse
582 4163 678 4214 pro
700 4150 920 4215 imperio
943 4152 1246 4203 Galliarum.
1281 4154 1511 4204 Pieliena.

513 4224 697 4276 Samiis
737 4227 954 4277 'Romani
996 4229 1185 4294 imperii
1229 4230 1513 4296 insignibus]

447 4300 621 4354 Intelli
627 4317 691 4367 ge
697 4302 875 4364 fasces,
890 4319 1087 4371 secures,
1102 4308 1192 4374 qe„
1252 4305 1355 4357 Sed
1372 4306 1512 4359 forte

1599 2695 1828 2760 insignia,
1845 2709 1962 2745 cum
1986 2694 2053 2744 de
2068 2692 2318 2743 militibus
2341 2689 2536 2755 agitur,
2553 2692 2679 2739 sunt

1598 2772 1739 2835 sigua
1774 2769 2224 2821 militariaz'forte
2262 2766 2485 2833 utraque
2521 2766 2678 2828 insig-

1599 2851 1681 2899 nia
1715 2848 1797 2899 hic
1833 2848 2213 2912 intelliguntur.
2280 2844 2467 2895 Potius
2496 2850 2676 2894 tamen

1599 2925 1789 2990 fasces,
1810 2940 2036 2989 secures,
2054 2930 2111 2974 et
2129 2921 2346 2973 lictores
2362 2921 2678 2986 intelligam,

1601 3019 1716 3069 quae
1740 3018 1865 3054 vera
1904 3003 2118 3065 insignia
2153 3000 2348 3065 imperii
2370 3000 2598 3063 Romani,
2620 2998 2677 3048 in

1598 3075 1741 3146 quod
1784 3081 1967 3145 jurare
2022 3078 2424 3144 compellebant,
2465 3076 2677 3127 nomine

1601 3162 1773 3206 tamen
1796 3155 2000 3221 imperii
2021 3155 2332 3206 Galliarum.
2367 3152 2536 3216 Infra,
2560 3154 2577 3182 ‘
2591 3154 2680 3218 Ju-

1600 3248 1785 3284 ravere
1808 3268 1821 3282 .
1845 3266 1858 3282 .
1881 3269 1894 3283 .
1922 3247 2016 3298 pro
2041 3232 2261 3298 imperio
2282 3230 2607 3281 Galliarum!

1663 3318 1690 3352 Ρ
1722 3311 1854 3361 Altis
1887 3310 2154 3373 ordinibus]
2208 3311 2369 3359 Forte
2409 3307 2675 3359 centurio·

1597 3388 1697 3450 nis,
1734 3386 2145 3451 aut·primipili;
2202 3392 2264 3435 ut
2306 3399 2473 3449 supru-
2504 3384 2573 3434 de
2609 3384 2673 3435 C.

1597 3464 1878 3529 Volaginio
1902 3469 1958 3513 et
1979 3464 2120 3513 Varo
2136 3463 2378 3536 vidimus.

1663 3549 1688 3583 ¹1
1721 3539 1866 3605 Apud
1887 3540 2172 3605 superiorem
2197 3540 2354 3590 Rheni
2373 3537 2555 3602 ripam]
2603 3537 2671 3587 Id

1595 3622 1693 3680 est,
1711 3617 2028 3681 superiorem
2053 3616 2427 3666 Germaniam·
2666 3621 2675 3626 '

1659 3699 1679 3725 ¹*
1714 3693 1900 3743 Occisis
1942 3692 2244 3756 Mogontiaci
2283 3691 2533 3755 Tribunis]
2582 3691 2670 3741 Ita

1597 3774 1679 3820 est
1702 3771 1723 3820 i
1751 3784 1783 3820 a
1813 3770 2067 3832 Novesio,
2103 3769 2485 3834 partitiscuris,
2504 3770 2669 3819 Tutor

1596 3848 1648 3897 in
1706 3848 2025 3912 superiorem
2079 3847 2413 3897 Germaniam
2464 3847 2667 3909 missus,

1595 3922 2007 3987 Agrippinenses
2039 3913 2092 3973 in
2117 3924 2328 3985 itinere,
2364 3922 2488 3972 dein
2509 3924 2668 3987 legio·

1592 4014 1684 4049 nes
1715 4002 1864 4051 Rom.
1890 4001 2209 4065 Magontiaci
2229 3999 2409 4064 adegit
2430 4000 2487 4050 in
2503 4001 2664 4051 verba

1594 4077 1882 4127 Galliarum
1904 4094 1919 4140 ;
1937 4078 2197 4129 Classicus
2211 4075 2512 4127 inferiorem
2529 4076 2665 4126 Rhe·

1594 4155 1649 4204 ni
1671 4155 1834 4220 ripam
1864 4163 2093 4220 secutus,
2131 4155 2195 4205 ad
2217 4156 2420 4205 Vetera
2456 4154 2661 4205 direxit.

1596 4230 1880 4281 Novesium
1924 4245 2084 4295 supra
2122 4232 2323 4280 Vetera
2370 4227 2495 4294 fuit,
2533 4228 2662 4279 infra

1596 4305 2040 4374 Agrippinensem
2058 4307 2334 4361 colonium.
2400 4308 2660 4360 uertens.
