3050 4917
311 460 364 516 J,
388 460 449 513 C·
482 458 594 524 σα]

952 451 1493 504 ΗΙΒΤΟΒῙΔῘΠῘΠ
1543 454 1690 504 LI&
1736 455 1841 502 lv.

2332 438 2516 507 sola

314 621 587 706 quisque
637 618 925 696 silentio,
973 615 1207 682 deinde
1255 615 1507 682 oblivio
1535 617 1916 683 nansmisit.
1949 586 1958 597 ⁸
2023 616 2236 683 Fuere
2284 618 2400 705 qni
2419 616 2511 686 'et

310 723 795 789 meminissent.t

294 894 451 980 ἐιήῐι,
471 916 583 967 «ιώ
599 916 847 967 wadone.
912 917 1143 968 Euam
1159 914 1305 968 ai.-
1324 917 1407 982 ‚aa
1426 919 1804 968 reo-reema.

1288 1130 1510 1183 NOTAE

292 1280 399 1344 aas]
448 1281 666 1332 Censuit
704 1278 998 1344 Helvidius,
1015 1284 1077 1330 nt
1109 1279 1353 1333 restitne-

294 1364 433 1406 retur
476 1358 792 1422 Capitolium
838 1357 1081 1421 auspiciis
1126 1354 1350 1419 Reipub.

290 1432 627 1497 subveniente
695 1435 907 1500 quidem
956 1435 1011 1484 in
1064 1431 1351 1485 subsidium

290 1511 622 1577 Vespasiano,
657 1513 749 1561 sed
786 1511 933 1577 quasi
982 1511 1205 1575 prinum·
1249 1511 1349 1559 hoc

287 1597 378 1654 est,
410 1607 509 1641 non
532 1600 645 1642 tam
686 1598 745 1640 nt
780 1592 957 1655 capite
978 1590 1210 1655 ejusdem
1232 1589 1350 1639 Rei-

285 1668 521 1733 publicae,
541 1684 697 1734 qnam
720 1676 887 1731 parte.

344 1745 496 1796 Haud
516 1747 675 1796 aliter
695 1747 807 1796 liaec
841 1743 1176 1810 accipienda:
1228 1759 1348 1795 auc-

281 1826 361 1882 tor
384 1833 463 1875 est
484 1824 614 1874 mihi
636 1824 971 1888 Tranquillus
986 1820 1045 1872 'in
1079 1823 1240 1888 Vesp.
1262 1829 1343 1875 15.

279 1900 302 1940 ‘-
318 1900 566 1952 Helvidio
605 1901 811 1962 Prisco,
847 1901 937 1966 qni
971 1916 1233 1951 reversum
1274 1917 1343 1951 ex

276 1976 422 2041 Syria
450 1981 599 2029 solus
642 1979 849 2043 privato
902 1978 1110 2028 nomine
1141 1979 1341 2042 Vespa-

278 2053 463 2104 sianum
486 2055 853 2117 salutaverat‚'
884 2059 983 2105 διο.
1054 2055 1307 2104 Gruterus.

290 2127 299 2133 ’
322 2132 627 2183 'Censuerat
652 2132 944 2196 Helvidius,
970 2137 1025 2181 ut
1051 2133 1340 2196 Capitolium

267 2207 446 2270 publice
481 2211 847 2260 restituentur.-
917 2210 1003 2260 ubi
1040 2208 1099 2257 τὸ
1136 2209 1337 2273 publice,

272 2299 368 2335 non
402 2287 454 2337 id
482 2288 601 2337 fieri
625 2295 828 2337 tantum
848 2287 1089 2349 ampiciis
1112 2286 1337 2351 Reipnb.

269 2360 480 2428 intelligi
503 2363 686 2424 debet,
718 2363 810 2413 sed
835 2364 1044 2428 publico
1060 2374 1255 2426 sumtu,
1277 2371 1336 2415 et

270 2442 485 2502 pecnnia
524 2456 597 2490 ex
638 2441 824 2490 aerario
860 2440 1156 2504 depromta,
1193 2442 1334 2505 quod

267 2518 440 2580 populi
471 2518 594 2580 fuit,
621 2526 676 2566 et
711 2516 918 2581 quidem
949 2526 1128 2566 senatu
1151 2517 1333 2567 decer·

268 2600 415 2663 nente
437 2597 713 2660 pecuniam
735 2595 892 2656 illam,
934 2602 991 2644 nt
1024 2601 1206 2644 vetere
1230 2595 1331 2655 Re·

267 2671 382 2734 pub.
407 2688 525 2724 nam
554 2680 666 2722 tum
697 2688 824 2737 opes
861 2672 1067 2736 imperii
1089 2672 1330 2722 adminis-

266 2742 898 2815 trabat'dispensabatque
920 2756 1145 2800 senatus.
1220 2751 1329 2801 Ita·

264 2839 358 2892 qne
374 2828 449 2878 sic
469 2835 657 2879 censet
673 2827 968 2890 Helvidius,
985 2830 1133 2892 qnasi
1152 2836 1326 2880 stante

262 2903 426 2965 prisca
445 2905 653 2968 Repub.
685 2905 833 2969 quasi
858 2906 1145 2968 reciperata
1164 2907 1325 2956 liber-

261 2982 365 3029 tate
401 2990 524 3045 post
560 2982 851 3043 Neronem,
873 2988 965 3031 ant
1001 2989 1143 3032 certe
1178 2983 1326 3048 quasi

260 3055 350 3105 snb
375 3057 505 3107 bono
529 3059 787 3123 principe,
806 3059 894 3124 qui
919 3059 1120 3109 senatui
1155 3067 1210 3109 et
1232 3075 1324 3124 po-

257 3135 374 3198 pulo
393 3138 541 3188 Rom.
577 3152 703 3201 opes
720 3153 839 3191 suas
855 3145 910 3187 et
932 3152 1093 3202 opera
1115 3138 1324 3202 publica

259 3215 607 3283 permitteret,
629 3216 719 3281 qui
744 3216 1040 3265 libertatem
1062 3230 1165 3265 non
1205 3230 1320 3281 pre-

256 3299 432 3354 meret,
455 3293 551 3343 sed
574 3309 732 3344 unum
753 3294 942 3344 civium
968 3308 1025 3343 se
1046 3292 1228 3355 ferret,
1263 3302 1320 3344 et

255 3367 562 3435 principem,
585 3385 688 3421 non
727 3370 990 3420 dominum
1015 3377 1109 3421 ant
1146 3378 1321 3434 tyran-

253 3457 400 3497 num:
436 3449 454 3476 ⁴
476 3447 726 3513 Optimus
761 3455 883 3512 post
912 3448 1103 3498 malurn
1124 3448 1320 3513 princi-

254 3536 367 3585 pem
401 3526 515 3577 dies
548 3526 781 3590 primns?
846 3526 1033 3592 Itaque
1055 3525 1320 3591 censebat,

252 3607 308 3651 nt
358 3606 726 3655 restitueretur
776 3605 1090 3669 Capitolium
1144 3611 1318 3654 sumtu

253 3675 482 3749 Reipub·
492 3688 551 3731 et
565 3695 840 3743 consensu,
854 3682 1120 3746 jussuque,
1134 3688 1188 3732 et
1200 3696 1317 3735 auc.-

251 3756 459 3808 toritate
481 3758 709 3808 omnium
732 3759 990 3822 ordinum,
1030 3774 1093 3808 ac
1131 3758 1331 3827 praeci·⁸

249 3842 348 3893 pue
368 3841 596 3898 senatus,
617 3842 673 3887 et
695 3851 765 3885 ex
787 3836 965 3885 aemrio
986 3851 1003 3898 ;
1036 3835 1313 3900 adjuvaret

249 3917 416 3961 satem
439 3912 787 3977 Vespasianus
807 3914 913 3963 suis
940 3913 1146 3978 opibus,
1166 3921 1220 3962 et
1243 3924 1310 3962 ex

247 3983 364 4036 fisco
387 3989 694 4054 depromtis.
748 3991 866 4042 Qua
888 3991 1148 4040 sententia
1166 3989 1310 4039 velut

246 4059 299 4111 in
330 4065 563 4116 ordinem
599 4065 827 4131 cogebat
861 4066 1169 4132 principem,
1203 4083 1310 4118 ma·

238 4135 585 4209 jestatemque
608 4141 896 4205 minuebat,
934 4144 1082 4207 quasi
1099 4158 1203 4194 non
1225 4160 1306 4195 es·

246 4219 323 4263 set
340 4217 538 4267 arbiter
560 4219 767 4282 imperii
803 4225 861 4268 et
898 4233 1053 4283 opum
1077 4221 1305 4286 Reipub.

248 4302 339 4357 nec
359 4290 575 4345 deberet
596 4292 779 4360 templi
803 4296 1033 4345 Deorum
1070 4299 1306 4348 restituti

249 4366 453 4433 gloriam
488 4371 586 4423 sibi
608 4372 699 4422 uni
732 4371 1015 4429 vindicare.
1079 4373 1304 4442 Reipub-

1431 1277 1567 1327 hanc
1590 1276 1803 1343 gloriam
1826 1284 1885 1328 et
1902 1276 2125 1343 senatui,
2143 1290 2243 1327 non
2266 1278 2372 1343 nni,
2386 1279 2496 1328 vin-

1432 1356 1646 1407 dicabat
1665 1357 1971 1407 Helvidius:
2006 1372 2109 1422 qno
2129 1364 2286 1420 pacto
2307 1358 2496 1422 princi·

1428 1441 1609 1498 patum
1627 1434 1924 1498 spernebat,
1934 1434 2221 1498 minuebat,
2237 1443 2330 1486 ant
2345 1436 2500 1487 certc‘

1428 1513 1637 1576 penitus
1661 1512 1894 1563 tollebat.

1490 1591 1508 1622 ⁸
1541 1591 1697 1640 Fuere
1736 1593 1816 1653 qui
1833 1594 1881 1638 et
1903 1588 2244 1652 meminissent]
2309 1588 2414 1642 Qui
2435 1595 2496 1640 et

1424 1669 1565 1733 apud
1586 1669 1955 1734 Vespasianum
1976 1682 2166 1731 nempe
2201 1665 2491 1719 deferrent.

1426 1745 1627 1810 quare?
1672 1745 1791 1810 qnia
1818 1743 1931 1794 haec
1968 1742 2234 1793 sententia
2268 1743 2492 1809 dignita·

1424 1828 1530 1872 tem
1563 1821 1814 1887 principis
1846 1819 2134 1883 minuebat,
2153 1828 2364 1873 senatus
2398 1837 2491 1887 po.-

1421 1899 1634 1964 pnliqne
1655 1899 1914 1963 augebat:
1960 1913 1994 1947 a
2028 1912 2130 1963 qno
2161 1898 2368 1948 restitui
2389 1900 2494 1951 Ca-

1419 1977 1675 2041 pitolium,
1706 1977 1966 2026 duntaxat
1984 1974 2267 2040 adjuvante
2289 1976 2494 2042 Vespa-

1417 2053 1579 2111 siano,
1602 2044 1830 2102 volebat.
1899 2053 2113 2116 Lipsius.
2211 2084 2218 2091 -

1430 2146 1437 2153 ·
1481 2130 1638 2180 Furem
1689 2130 1772 2193 qni
1818 2134 1868 2180 et
1907 2127 2251 2191 meminissent]
2313 2126 2484 2180 Prisci

1415 2221 1563 2256 mens
1586 2206 1703 2267 fnit,
1723 2208 1970 2270 impensae
2005 2216 2205 2270 partem
2244 2206 2300 2254 in
2339 2206 2482 2271 prin-

1415 2284 1608 2348 cipem,
1649 2290 1836 2333 contra
1873 2297 2086 2344 morem,
2132 2282 2375 2347 rejicere,
2422 2288 2481 2334 nt

1413 2363 1666 2413 exhausto
1688 2360 1874 2410 aerario
1893 2366 2214 2424 parceretur.
2248 2359 2478 2410 Pam.

1476 2434 1590 2487 Aut
1609 2437 1802 2501 potius,
1832 2436 1954 2499 quia
1988 2434 2065 2484 sic
2099 2435 2387 2500 principem
2424 2437 2482 2487 in

1413 2517 1648 2567 ordinem
1664 2515 1906 2577 redigere
1917 2513 2211 2576 videbatur,
2230 2514 2380 2577 cujns
2396 2513 2478 2564 rei

1408 2592 1690 2658 meminere
1712 2590 1849 2640 forte
1872 2589 2137 2639 delatores
2161 2595 2364 2655 postea.

1475 2673 1631 2722 Fuere
1651 2672 1732 2736 qai
1752 2678 1800 2721 et
1820 2669 2162 2734 meminissent]
2192 2671 2322 2721 Vult
2330 2670 2478 2722 Taci-

1414 2760 1517 2815 tus,
1537 2751 1696 2802 fuisse
1717 2768 1747 2803 e
1771 2751 2091 2802 senatoribus
2111 2752 2308 2816 aliquot
2330 2752 2476 2802 dela·

1408 2830 1638 2880 tionibus
1671 2845 1733 2880 ac
1769 2829 2040 2880 calumniis
2074 2828 2353 2890 exercitos,
2384 2828 2475 2893 qui

1405 2909 1699 2958 liberiorem
1735 2909 1887 2959 istam
1922 2908 2250 2971 sententiam,
2269 2913 2326 2957 et
2348 2922 2473 2958 con·

1344 2979 1354 2986 ⁵
1393 2986 1637 3050 junctam
1660 2986 1785 3035 satis
1808 3000 1924 3035 curn
1945 2984 2253 3048 Vespasiani
2286 2990 2474 3034 contu·

1402 3064 1578 3125 melia,
1622 3062 1973 3113 reconderent
2016 3061 2069 3110 in
2116 3075 2365 3126 praesens,
2406 3075 2470 3112 ac

1402 3157 1492 3191 suo
1516 3149 1752 3205 ternpore
1776 3141 1827 3190 in
1851 3130 2081 3190 deterius
2102 3138 2311 3189 auribus
2334 3139 2472 3204 ejus-

1400 3219 1520 3268 dem
1540 3219 1865 3279 instillarent,
1886 3232 1949 3269 eo
1964 3217 2079 3283 ipso
2091 3217 2323 3268 creaturi
2340 3217 2471 3270 Hel·

1399 3296 1542 3346 vidie
1566 3296 1877 3360 periculum.
2463 3318 2472 3325 -

1464 3375 1601 3424 Nam
1627 3382 1840 3423 senator
1868 3374 1987 3436 iste,
2007 3373 2220 3423 nimium
2244 3372 2474 3438 philoso-

1395 3452 1547 3516 phus,
1570 3451 1798 3516 pessime
1824 3450 1981 3514 periit
1995 3451 2108 3513 ‚snb
2126 3449 2470 3514 Vespasiano,

1397 3536 1456 3579 ut
1477 3543 1793 3593 cognoscere
1812 3533 1896 3578 est
1916 3541 1982 3576 ex
2000 3525 2242 3591 Arriano,
2260 3526 2466 3591 Cassio,

1395 3607 1664 3670 Suetonio,
1689 3614 1745 3656 et
1761 3606 1892 3658 aliis.
1958 3604 2215 3655 Gruterus.
2397 3615 2404 3623 ·

1461 3685 1618 3736 Fuere
1638 3687 1719 3749 qui
1739 3691 1788 3734 et
1807 3681 2146 3745 maniam]
2193 3681 2464 3745 Interpre-

1397 3769 1593 3825 tantur,
1645 3763 1792 3827 quasi
1844 3759 2076 3810 nonnulli
2119 3758 2468 3820 senatorum,

1394 3848 1518 3890 tunc
1544 3855 1649 3890 non
1678 3838 2008 3888 meminerint
2025 3837 2304 3886 sententia
2328 3835 2468 3886 Hel·-

1388 3917 1518 3967 vidii
1541 3919 1596 3965 in
1615 3924 1816 3976 senatu,
1836 3914 1929 3964 sed
1952 3922 2136 3978 postca
2157 3913 2296 3977 apud
2320 3914 2460 3978 prim

1388 3992 1558 4056 cipem
1579 4008 1594 4052 ;
1647 3998 1920 4056 captantes
1961 3990 2080 4038 hinc
2128 3990 2460 4040 occasionem

1387 4068 1698 4119 criminandi
1743 4066 2068 4127 Helvidium,
2113 4072 2170 4116 et
2210 4066 2456 4116 adulandi

1385 4146 1631 4211 principi.
1672 4146 1799 4196 Non
1821 4151 1995 4195 tamen
2016 4146 2078 4195 id'
2093 4159 2305 4211 prorsus
2324 4142 2464 4197 dicit

1383 4223 1615 4285 Tacitus,
1632 4236 1734 4272 nec
1754 4222 1918 4286 possis
1938 4222 2156 4286 praecise
2193 4221 2249 4271 id
2282 4236 2350 4272 ex
2387 4232 2466 4272 eo·

1384 4298 1502 4348 loco
1527 4298 1790 4364 colligere.

1450 4374 1612 4435 Forte
1648 4372 1988 4428 modestiores
2008 4376 2215 4442 patrum
2234 4379 2451 4442 preter-
