3050 4917
289 358 593 439 aaa&
2305 338 2486 409 m

293 515 516 601 magis,
562 528 763 599 qnam
811 508 1095 577 habuit.v
1181 506 1650 592 Reipublicoe⁵
1679 501 1861 570 haud
1903 500 2107 569 dubie
2153 501 2483 578 intererat,

293 616 630 685 Vitellium
649 614 823 680 vinei
842 621 902 680 τ’
944 611 1067 678 sed
1110 612 1434 697 imputare
1460 608 1834 696 perfidiam¹
1861 626 1992 672 non
2034 610 2337 691 possunt,
2366 603 2486 689 qni

943 360 1483 413 merolilanus}
1528 358 1674 435 ,¹⁴¹³-
1723 356 1840 408 ιιι.

292 782 422 834 dubio
440 781 671 845 referebat
703 779 906 846 Reipub.
943 780 1161 846 superari
1188 779 1460 831 Vitelliam.-
1491 778 1574 829 sed
1607 773 1836 825 ascribere
1864 773 2146 838 Vespasiano
2176 767 2492 837 proditionem

705 1000 735 1044 ⁵
770 993 915 1044 Male
937 993 1214 1044 Rhenanus
1233 989 1425 1049 omisit,
1457 985 1751 1051 reipublice.
1808 983 2047 1035 Brotier.

1286 1119 1499 1171 NOTAE

293 1223 501 1274 rantur?
533 1223 911 1273 Benevolentia
946 1227 1001 1272 et
1040 1219 1209 1285 gratia
1231 1232 1347 1267 cum
1429 1216 1535 1279 dia,
1575 1217 1835 1278 latamque
1877 1210 2086 1260 trahens
2130 1206 2382 1272 inglorius
2421 1207 2496 1258 al-

291 1301 475 1352 virtute
499 1302 812 1366 conjuncta3
850 1300 1030 1365 quibus
1049 1298 1203 1347 rebus
1223 1295 1349 1345 nihil
1432 1295 1589 1353 vum?

292 1379 447 1428 rarius
509 1377 619 1428 fert
676 1387 877 1427 natura.
964 1376 1152 1440 ltaque
1199 1371 1349 1421 valde
1497 1370 1698 1423 Quibus
1730 1367 1884 1427 notis,
1904 1366 2116 1431 (nempe
2153 1361 2349 1412 mucidis
2380 1376 2498 1412 auro

290 1469 471 1519 amare,
494 1464 549 1507 et
573 1455 755 1520 amari,
793 1455 932 1504 inter
952 1453 1142 1502 multos
1179 1451 1350 1499 locum
1428 1446 1751 1512 squalentibus
1770 1440 1985 1506 arden-§Q
2007 1438 2236 1490 describi
2257 1437 2501 1489 videatur

294 1530 388 1583 non
409 1531 606 1582 habet!

351 1600 420 1648 Et
451 1597 622 1647 infra:
657 1598 673 1625 ‘
700 1597 946 1646 Ceterum
986 1592 1212 1643 amicitia
1249 1597 1353 1640 sta-

294 1677 395 1729 bile
418 1678 643 1744 requirit
666 1677 930 1741 quidpiam
954 1681 1009 1723 et
1030 1671 1353 1723 immutabile

292 1755 564 1820 ingenium,
591 1754 730 1820 quod
754 1754 967 1802 eandem
993 1751 1215 1801 retineat
1238 1763 1356 1798 cone

295 1832 632 1883 suetudinem.
683 1831 812 1881 Ideo
837 1844 979 1879 rarus
1002 1836 1083 1878 est
1107 1834 1263 1891 atque
1284 1827 1357 1874 in·

302 1919 455 1962 ventu
477 1909 704 1961 difficilis
735 1915 976 1960 constans
999 1903 1229 1956 amicus!

353 1996 376 2020 v
409 1989 590 2038 Men-uit
616 1987 789 2051 magis,
811 2001 948 2050 quam
979 1982 1167 2046 habuit]
1200 1979 1359 2045 Apud

294 2065 401 2114 Val.
423 2066 461 2115 1.
475 2078 579 2117 vu.
649 2062 1005 2112 Alexandrum
1027 2061 1100 2110 sic
1123 2059 1362 2122 increpat

295 2140 558 2206 Philippus
580 2159 595 2190 2
646 2141 664 2168 ‘
687 2141 820 2191 Quae
867 2145 939 2201 te,
984 2136 1079 2199 fili,
1131 2134 1261 2184 ratio
1307 2134 1358 2181 in

297 2210 419 2267 hanc
446 2225 549 2267 tam
575 2222 759 2266 vanam
785 2230 928 2278 spem
948 2214 1170 2275 induxit,
1191 2221 1247 2261 ut
1270 2226 1359 2261 eos

296 2293 388 2343 tibi
419 2293 606 2343 fideles
626 2291 828 2342 futuros
863 2291 1204 2350 existimares,
1236 2305 1360 2354 quos

296 2372 511 2437 pecunia
534 2368 605 2419 ad
646 2383 870 2418 amorem
896 2367 970 2417 tui
993 2367 1360 2431 compulisses?

296 2461 330 2519 a
350 2448 566 2497 caritate
591 2446 729 2496 istud
756 2445 1072 2509 praestatur!

320 2524 325 2533 ’
362 2524 569 2588 Mer-uit]
597 2524 779 2573 Meruit
794 2529 936 2573 certe
955 2522 1226 2584 amicitias,
1243 2522 1365 2587 quia

300 2596 670 2652 liberalitatem
690 2600 940 2649 exercuit.
993 2599 1159 2665 quue
1181 2599 1367 2648 habuit

303 2678 565 2743 principis.
636 2677 738 2726 Sed
777 2692 878 2727 non
920 2692 1018 2742 par
1062 2676 1367 2726 liberalitati

303 2755 611 2817 constantia,
633 2769 734 2818 qua
755 2753 987 2803 firmaret
1019 2753 1291 2815 amicitias,
1313 2758 1368 2802 et

303 2831 568 2883 retineret.
636 2831 719 2880 Ex
757 2830 945 2894 gratia,
978 2844 1044 2879 ex
1071 2829 1369 2895 largitione,

304 2921 366 2957 ex
402 2907 671 2960 beneficiis
703 2907 928 2971 relinqui
965 2907 1017 2955 in
1057 2906 1237 2959 animis
1276 2919 1370 2969 per

304 2983 544 3035 virtutem
582 2983 766 3034 debuit
803 2983 1037 3033 stimulus
1071 2982 1285 3048 quidam
1320 2998 1370 3031 a·

307 3063 458 3113 moris
481 3070 537 3112 et
557 3061 785 3111 honoris.
852 3061 970 3111 Hoc
994 3058 1127 3110 facit
1153 3060 1372 3123 Genius,

310 3141 516 3204 quinon
560 3145 694 3203 arte,
722 3153 828 3188 non
865 3137 1103 3188 doctrina
1136 3143 1370 3200 paratur,

312 3217 395 3283 qui
428 3220 640 3269 coeleste
678 3230 861 3266 munus
906 3221 1010 3265 est.
1074 3216 1144 3264 Et
1190 3214 1371 3264 modus

304 3292 569 3361 largiendi¹
587 3308 728 3357 saepe
742 3292 959 3344 validior
980 3293 1034 3342 in
1058 3292 1238 3342 animis
1255 3307 1372 3342 cum

309 3368 534 3436 ingenio,
579 3385 732 3436 quam
785 3369 977 3419 donum
1032 3369 1199 3434 ipsum
1256 3383 1375 3417 cum

313 3449 498 3513 pretio.
563 3447 798 3498 Pretium
821 3453 903 3497 est
925 3447 978 3497 in
1002 3448 1179 3510 dante,
1202 3460 1305 3496 non
1324 3446 1376 3495 in

246 3542 263 3573 ι
314 3538 369 3574 re
392 3525 532 3576 data.

376 3608 410 3634 w
442 3601 650 3666 Reipub.
671 3602 795 3651 haud
816 3600 955 3651 dubie
974 3601 1206 3650 intererat
1234 3599 1379 3650 Vitel-

314 3676 427 3727 lium
447 3679 597 3742 vinci]
629 3677 772 3739 virg.
797 3691 885 3727 111.
904 3678 1096 3740 Georg.
1116 3675 1204 3726 ubi
1228 3675 1293 3725 de
1309 3674 1378 3727 A·

318 3754 494 3819 pibus:
530 3757 547 3784 ‘
569 3756 768 3805 Verum
792 3755 880 3806 ubi
901 3756 1146 3805 ductores
1169 3755 1280 3805 acie
1302 3770 1380 3805 re-

316 3832 583 3882 vocaveris
605 3832 800 3892 ambos,
835 3831 1086 3881 Deterior
1110 3832 1197 3897 qui
1221 3831 1382 3895 visuS,

323 3920 460 3971 eum,
497 3923 564 3958 ne
582 3910 832 3973 prodigus
854 3909 1009 3970 obsit,
1043 3908 1198 3958 Dede
1230 3907 1380 3957 neci:

325 3986 506 4036 melior
538 4002 723 4049 vacua,
760 3987 892 4046 sine,
936 3993 1121 4051 regnet
1157 3986 1211 4035 in
1248 3986 1383 4035 aula.

326 4061 478 4111 Alter
500 4063 599 4112 erit
620 4062 836 4113 maculis
871 4078 994 4112 auro
1028 4062 1386 4127 squalentibus

327 4134 544 4201 ardens;
583 4139 719 4189 Nam
759 4140 862 4189 duo
898 4148 1018 4189 sunt
1058 4154 1272 4204 genera,
1304 4140 1388 4189 hic

252 4224 257 4225 ⁷
330 4216 531 4280 melior,
548 4216 762 4282 insignis
786 4223 843 4267 et
864 4228 972 4279 ore,
1006 4218 1078 4267 Et
1099 4214 1267 4266 rutilis
1290 4217 1391 4267 cla-

333 4303 421 4344 rus
439 4293 695 4360 squamis3
725 4293 817 4345 ille
838 4292 1071 4344 horridus
1094 4293 1228 4343 alter
1243 4293 1395 4344 Desi-

488 4474 513 4493 Ι

1429 1524 1799 1588 Vespasianus,
1822 1520 1908 1583 qui
1936 1515 2278 1581 triumphalis,
2299 1513 2386 1578 qui
2405 1528 2502 1563 me-

1432 1601 1542 1661 lior,
1563 1598 1768 1662 insignis
1786 1603 1835 1647 et
1857 1611 1954 1644 ore.

1498 1678 1577 1727 Ut
1611 1683 1669 1726 et
1708 1675 1787 1724 his
1830 1673 1965 1722 notis
2005 1669 2148 1737 quasi
2189 1667 2504 1721 describitur

1435 1753 1701 1813 Vitellius,
1723 1752 1802 1800 ille
1819 1750 2038 1799 horridus
2059 1751 2181 1797 alter
2201 1746 2399 1811 desidia,
2419 1750 2503 1813 ξε.

1438 1832 1519 1882 Ac
1543 1829 1869 1895 prodigentia
1906 1828 2014 1892 ejus
2048 1834 2102 1874 et
2135 1826 2274 1888 gula,
2294 1839 2508 1890 sequen·

1440 1908 1581 1957 tibus
1620 1905 1766 1971 quasi
1801 1913 2103 1967 arguuntur,
2144 1905 2376 1965 latamque
2409 1906 2509 1950 tra-

1426 1987 1552 2043 ,hens
1585 1984 1818 2046 inglorius
1847 1984 2024 2032 alvum.
2090 1981 2264 2031 Quare
2301 1983 2358 2027 ut
2380 1979 2516 2028 aete--

1439 2063 1541 2111 rior
1574 2069 1628 2110 et
1661 2060 1908 2124 prodigus,
1943 2057 2053 2108 aula
2092 2055 2234 2120 pelli,
2257 2054 2412 2119 vinci,
2451 2060 2509 2107 et

1441 2141 1550 2190 dedi
1567 2138 1669 2189 neci
1691 2137 1880 2186 meruit
1902 2135 2088 2185 ductor
2111 2133 2265 2182 iners.

1509 2215 1715 2280 Reipub.
1731 2204 1754 2261 “.
1775 2250 1789 2263 .
1811 2248 1823 2263 .
1849 2208 2078 2262 iictererat
2098 2210 2339 2261 Vitellium
2360 2208 2510 2273 vinci]

1443 2294 1692 2345 Meliores
1748 2291 2006 2355 imperare
2067 2287 2277 2338 debent.
2351 2286 2511 2351 Apud

1443 2370 1684 2435 Thucyd.
1753 2364 1928 2417 Meliis
1973 2365 2252 2428 respondet
2306 2364 2511 2428 legatus

1446 2445 1809 2498 Atheniensis:
1883 2441 2314 2505 Quandoquidem
2367 2441 2516 2504 justa

1447 2531 1586 2587 sunt,
1611 2540 1726 2589 quae
1755 2522 1913 2586 juxta
1948 2519 2194 2570 rationem
2231 2518 2416 2583 aequali
2456 2534 2513 2568 u-

1442 2598 1668 2667 trimque
1685 2598 1997 2648 necessitate
2016 2604 2337 2657 statuuntur,
2355 2594 2517 2658 possi·

1446 2681 1578 2731 bilia
1595 2692 1717 2727 vero
1753 2674 2040 2739 superiores
2079 2687 2170 2722 seu
2208 2672 2447 2741 meliores
2464 2671 2517 2725 vi

1449 2757 1683 2820 exigunt,
1709 2760 1765 2804 et
1795 2751 1996 2802 invalidi
2033 2765 2124 2801 seu
2146 2748 2418 2800 inferiores
2452 2763 2517 2801 ea

1449 2833 1761 2892 concedunt,
1773 2833 1870 2882 ὅτε.
1941 2828 2005 2877 ld
2026 2832 2127 2889 est,
2135 2827 2270 2887 ‚iusta
2294 2832 2416 2876 sunt
2433 2841 2517 2889 ea,

1450 2926 1567 2976 quae
1610 2912 1729 2957 sunt
1764 2905 2040 2970 aeqnalium
2077 2903 2216 2953 inter
2259 2918 2349 2965 se;
2399 2916 2516 2968 quae

1451 2993 1577 3037 vero
1618 3001 1712 3049 per
1733 2984 1834 3032 vim
1865 2981 2011 3045 fiant,
2040 2996 2103 3030 ea
2136 2980 2517 3045 potentioribus

1450 3065 1698 3114 adversus
1741 3059 1972 3109 imbelles
2011 3064 2131 3107 sunt
2171 3057 2323 3107 licita.
2390 3057 2519 3110 Qui·

1451 3142 1547 3192 bus
1569 3137 1774 3204 quidem
1797 3136 1966 3185 verbis
2003 3150 2120 3184 cum
2157 3135 2306 3185 Melii
2339 3133 2522 3199 paucis

1451 3218 1816 3281 subjecissent,
1868 3220 2014 3264 recte
2060 3211 2404 3262 Athenienses
2442 3210 2523 3263 fa·

1454 3309 1596 3353 cere,
1639 3293 1724 3358 qui
1765 3305 1960 3354 eorum,
1994 3304 2109 3355 quae
2142 3278 2293 3352 jdsta
2328 3296 2523 3352 essent,

1456 3383 1633 3420 curam
1674 3365 1958 3426 haberent3
2012 3379 2079 3414 ne
2123 3365 2165 3414 si
2208 3364 2411 3429 quando
2449 3365 2525 3416 illi

1457 3460 1662 3513 quoque
1701 3444 1836 3509 lapsi
1872 3444 1924 3493 in
1959 3443 2177 3491 aliorum
2208 3449 2523 3506 potestatem

1455 3523 1714 3584 venirent,
1756 3527 1820 3591 et.
1848 3520 2050 3582 eadem,
2089 3533 2204 3583 quae
2249 3533 2385 3568 nunc
2426 3518 2526 3583 ipsi

1456 3599 1678 3663 ferrent,
1721 3612 1752 3648 a
1800 3594 2185 3662 potentioribus
2225 3594 2333 3658 pati
2373 3609 2527 3660 coge·
2625 3616 2630 3622 ²

1458 3687 1638 3730 rentur
1674 3695 1687 3726 ι
1727 3675 1912 3741 quibus
1964 3672 2297 3724 Atheniensis
2302 3707 2529 3724 ......

1460 3761 1475 3786 ‘
1502 3756 1616 3806 Nos
1641 3768 1761 3804 vero
1785 3750 1989 3815 imperii
2023 3749 2205 3809 nostri,
2240 3748 2341 3799 etsi
2364 3748 2550 3799 desie-r'

1461 3833 1552 3891 rit,
1574 3830 1730 3880 finem
1755 3844 1855 3879 non
1879 3825 2193 3877 metuimus.'

1528 3911 1785 3960 Intererat.
1820 3944 1832 3958 .
1859 3943 1871 3956 .
1901 3943 1914 3955 .
1945 3905 2189 3955 Vitellium
2220 3901 2386 3967 vinci}
2416 3900 2531 3953 Cic.

1464 4002 1562 4052 pro
1588 3984 1765 4035 Sextio
1787 4001 1799 4032 ε
1834 3988 1849 4010 ‘
1873 3984 1929 4033 Si
1950 3983 2036 4047 qui
2060 3980 2410 4044 voluptatibus
2442 3979 2533 4028 du·

1467 4072 1673 4124 cuntur,
1711 4068 1767 4109 et
1810 4074 1866 4109 se
1899 4060 2140 4108 vitiorum
2180 4054 2444 4107 illecebris
2478 4061 2536 4106 et

1468 4138 1814 4204 cupiditatum
1875 4137 2144 4186 lenociniis
2205 4133 2538 4197 dediderunt,

1468 4217 1652 4268 missos
1673 4215 1870 4266 faciant
1893 4217 2131 4275 honores,
2152 4226 2251 4262 nec
2269 4210 2539 4276 attingant

1470 4292 1736 4359 Rempub.
1778 4292 2048 4365 patiantur
2081 4290 2220 4340 viros
2261 4287 2424 4343 fortes
2461 4289 2537 4339 le·
