3050 4917
556 363 739 446 m
1262 374 1332 441 e.
1380 386 1750 441 nonnam
1795 382 2057 438 nom

562 518 637 604 et⁶
654 522 915 603 omnem
940 516 1377 621 Principatus
1411 536 1703 620 speciem
1728 534 1983 614 vitanti,
2014 534 2428 603 convenisse.
2515 536 2773 602 Contra

564 639 906 707 Vitellium
951 639 1023 703 in
1069 638 1406 722 palatium,
1435 637 1505 701 in
1552 639 1770 723 ipsam
1800 636 2074 722 Imperii
2106 657 2325 724 aroem
2352 652 2771 724 regressum:

563 740 720 808 inde
748 751 1074 806 armatum
1103 759 1330 823 agmen
1359 741 1668 804 emissum
1694 745 1735 804 :⁸
1780 747 2055 805 stratam
2088 741 2535 811 innocentium
2567 740 2772 808 caedl-

566 844 697 917 bus
747 843 1254 909 celeberrimam⁸
1294 844 1480 908 urbis
1512 850 1764 928 partem
1792 863 1808 907 ε
1853 863 1938 908 ne
1970 844 2289 935 capitolio
2319 845 2590 929 quidem
2619 845 2775 923 absf

565 945 782 1013 tineri.
868 947 1233 1029 Togatum·²
1260 966 1492 1030 nempe
1529 965 1624 1023 se,
1656 953 1719 1010 et
1747 965 1952 1012 unum
1997 967 2035 1010 e
2077 944 2564 1028 SenatoribuS‚'
2613 941 2773 1012 dum

565 1050 731 1117 inter
758 1049 1253 1134 Vespasianum
1289 1068 1371 1114 ao
1400 1048 1751 1115 Vitellium
1794 1048 2050 1134 praeliis
2093 1042 2453 1157 legionum,
2484 1051 2778 1137 captivi-

2436 378 2629 464 [Δὶ-ν.
2651 389 2771 449 sss.

570 1259 770 1325 gruisse
804 1260 1029 1323 privato,
1061 1266 1118 1310 et
1139 1270 1339 1311 omnem
1361 1259 1566 1325 imperii
1590 1264 1905 1324 praetextum
1928 1258 2228 1310 declinanti.
2285 1259 2481 1311 Contra
2504 1259 2776 1310 Vitellium

570 1339 829 1375 reversum
873 1340 969 1374 esse
1009 1326 1063 1374 iu
1086 1326 1372 1389 regiam,in
1405 1326 1571 1391 ipsam
1593 1326 1914 1402 principatus
1937 1325 2111 1375 sedem
2133 1341 2147 1374 t
2184 1325 2305 1375 inde
2327 1326 2574 1376 militares
2598 1326 2776 1389 copias

564 1390 816 1440 immissas
837 1405 851 1450 ;
913 1391 1163 1454 pollutam
1202 1391 1529 1440 innoxiorum
1565 1391 1738 1439 civium
1775 1404 1958 1439 cruore
1996 1388 2466 1454 frequentissimam
2506 1391 2774 1454 regionem

573 1455 830 1516 civitatis3
864 1460 916 1503 et
936 1468 1002 1503 ue
1027 1455 1288 1519 Capitolio
1346 1455 1516 1505 uidem
1537 1456 1703 1531 parci.
1766 1455 1835 1505 Se
1859 1469 1983 1505 vero
2005 1456 2270 1518 inermem,
2292 1466 2348 1506 et
2369 1471 2527 1506 unum
2551 1470 2580 1503 e
2602 1455 2777 1505 Patri-

569 1513 687 1584 bus,
703 1519 825 1570 dum
851 1519 1153 1585 transigitur
1173 1471 1705 1586 intequespasianum
1727 1535 1790 1571 ac
1810 1520 2080 1571 Vitellium
2102 1520 2474 1572 certaminibus
2494 1520 2779 1588 legionum,

1555 1710 1775 1787 Nora}

569 1850 737 1903 prope
779 1840 1031 1892 orientale
1071 1841 1219 1892 littus
1260 1838 1403 1891 fluvii
1445 1840 1631 1891 Tenere.
1709 1839 2042 1904 promtissimi
2076 1846 2358 1892 occurrunt
2388 1841 2404 1869 ‘
2429 1819 2568 1892 circa
2597 1820 2783 1907 'lacum

570 1914 846 1968 Tillemon.
1710 1917 1944 1967 Fundani
1967 1918 2000 1967 :’
2044 1933 2162 1968 nam
2197 1920 2213 1947 ‘
2238 1917 2499 1968 modicum
2535 1918 2610 1969 ibi
2643 1935 2778 1983 prae-

633 2001 655 2027 ¹
684 1996 892 2045 Penates
910 1994 1113 2061 uxoris]
1147 1994 1231 2046 An
1252 1995 1480 2045 Penates
1502 2010 1633 2045 uxor
1707 1993 1853 2055 lium,
1875 2000 1928 2046 et
1951 2009 2252 2059 prosperum
2271 1994 2607 2044 Vitellianis?

568 2069 753 2125 habuit
765 2072 892 2120 alios
910 2071 1202 2122 aVitellio?
1233 2087 1353 2122 num
1376 2071 1634 2121 habitavit

569 2147 686 2211 ipsa
720 2163 836 2199 cum
873 2149 983 2198 viro
1018 2148 1256 2213 principe
1291 2148 1344 2197 in
1385 2142 1629 2198 Palatio'?

568 2222 657 2273 De
678 2238 740 2274 eo
758 2224 868 2287 jam
890 2225 944 2273 in
966 2224 1298 2274 Germaniam
1328 2223 1629 2289 profecturo

566 2297 877 2355 sicSueton.
893 2304 944 2348 7.
999 2301 1014 2328 ‘
1038 2301 1176 2350 Satis
1201 2306 1404 2350 constat
1426 2301 1631 2351 exituro

481 2402 483 2404 -
569 2373 817 2425 viaticum
851 2373 1094 2440 defuisse,
1124 2382 1268 2426 tanta
1298 2368 1537 2440 'egestate
1555 2377 1633 2427 rei

567 2447 854 2514 familiaris,
894 2458 953 2502 ut
991 2467 1150 2504 uxore
1188 2461 1244 2505 et
1277 2453 1470 2518 liberis,
1504 2469 1632 2520 quos

570 2526 747 2577 Romae
784 2528 1127 2594 relinquebat,
1165 2520 1430 2583 meritorio
1464 2546 1631 2583 coena·

571 2603 688 2654 culo
710 2603 918 2670 abditis,
941 2605 1147 2657 domum
1170 2605 1222 2656 in
1246 2607 1494 2674 reliquam
1516 2623 1633 2674 par-

568 2684 678 2730 tem
688 2681 807 2731 anni
817 2681 1114 2734 ablocaret-³
1133 2684 1457 2735 Exiitautem
1468 2685 1635 2736 Vitel-

567 2756 667 2807 lius
678 2757 818 2807 circa
827 2757 862 2809 J
867 2759 1025 2808 ulium
1033 2773 1386 2826 mensem,quo
1397 2767 1634 2825 tempore

566 2833 813 2885 locabant
836 2835 1032 2897 domos,
1053 2841 1110 2886 et
1128 2838 1325 2887 electus
1353 2844 1435 2887 est
1455 2851 1632 2888 mense

565 2910 834 2963 Januario.
895 2911 1085 2976 Sicque
1118 2926 1236 2962 cum
1271 2912 1427 2962 ditior
1456 2912 1630 2965 factus

566 2993 727 3049 esset,
771 2994 828 3038 et
870 2988 1077 3060 elapsis*
1101 3004 1193 3038 sex
1243 2990 1454 3055 reliquis
1510 2992 1631 3042 anni

566 3062 848 3128 mensibus,
886 3064 953 3113 ad
996 3079 1123 3130 quos
1164 3066 1491 3119 ablocaverat
1542 3069 1632 3118 do·

567 3152 727 3202 mum,
746 3139 906 3188 rediit
923 3154 1053 3189 uxor
1066 3141 1264 3191 Vitellii
1287 3141 1335 3192 in
1359 3158 1475 3193 suas
1493 3145 1633 3194 aedss

571 3212 700 3263 sitas
739 3214 877 3277 apud
931 3215 1250 3273 Aventinum
1295 3219 1501 3282 collem,
1539 3220 1631 3270 ubi

564 3288 840 3339 habitabat
863 3289 994 3354 ipsa,
1026 3306 1143 3342 cum
1173 3300 1291 3358 post
1313 3310 1405 3345 sex
1427 3310 1629 3346 menses

569 3356 637 3415 ab
681 3366 933 3417 electione
992 3368 1319 3421 adventasset
1358 3372 1412 3421 in
1450 3372 1630 3423 urbem

566 3441 827 3494 Vitellius.
893 3445 1095 3510 Itaque,
1108 3447 1151 3496 si
1170 3448 1427 3512 privatum
1449 3456 1632 3513 ageret

566 3518 722 3584 serio,
743 3519 921 3571 debuit
947 3538 1002 3571 se
1025 3524 1260 3588 recipere
1300 3525 1515 3577 inillam
1539 3526 1629 3577 do-

565 3608 706 3646 mum
743 3598 1000 3660 privatam
1034 3600 1224 3651 uxoris.
1288 3601 1457 3651 Vocat
1490 3601 1628 3653 forte

565 3671 774 3729 Penates
794 3678 975 3736 uxoris,
1011 3677 1132 3739 quia
1155 3677 1264 3742 ipse
1287 3677 1557 3729 habitabat
1576 3680 1628 3728 in

564 3748 780 3812 palatio,
802 3758 855 3801 et
872 3752 1009 3816 quod
1033 3753 1185 3802 rebus
1215 3756 1370 3804 motis
1390 3754 1629 3805 modesta

564 3839 714 3890 uxor,
757 3841 872 3876 cum
906 3828 1101 3890 liberis,
1126 3830 1355 3894 privatos
1376 3831 1627 3894 Penates,

560 3900 792 3953 nondum
833 3902 1052 3954 fortunae
1094 3906 1220 3955 satis
1265 3920 1468 3972 secura,
1509 3909 1627 3957 reli-

567 3976 785 4044 quisset.
981 4034 985 4039 ,

570 4076 575 4082 ·
628 4059 648 4086 ⁸
675 4054 931 4106 Armatam
966 4072 1135 4119 agmen
1167 4057 1407 4122 emissum]
1473 4061 1628 4124 Cepit

562 4128 836 4196 Interpres
857 4132 999 4182 Gall.
1024 4132 1170 4197 quasi
1206 4148 1269 4201 eo
1303 4135 1506 4198 agmine
1540 4137 1629 4187 ob-

560 4219 837 4261 sessumse
859 4208 913 4256 in
932 4209 1187 4273 Capitolio
1220 4218 1465 4275 queratur
1483 4213 1630 4267 Sabi-

563 4295 678 4334 nus.
761 4282 1041 4349 Capiebam
1079 4287 1254 4351 potius
1290 4288 1360 4340 de
1411 4289 1491 4346 liis
1538 4291 1629 4357 qui

1776 2071 1845 2120 Et
1866 2071 1915 2119 id
1939 2071 2105 2120 innuit
2128 2072 2269 2120 clare
2282 2070 2412 2121 Tac.
2433 2086 2524 2121 seu
2539 2072 2782 2138 Sabinus,

1710 2161 1824 2196 cum
1881 2147 2048 2197 dicit:
2112 2147 2129 2176 ‘
2152 2151 2370 2196 stratam
2423 2147 2777 2200 innocentium

1710 2222 1940 2273 caedibus
1964 2223 2354 2274 celeberrimam
2379 2224 2522 2274 urbis
2545 2225 2782 2291 partem,’

1711 2315 1900 2365 nempe
1924 2301 2068 2350 cirea
2090 2303 2241 2351 lacum
2264 2301 2464 2357 dictum
2485 2319 2499 2353 ι
2535 2309 2593 2353 et
2616 2303 2780 2366 addit,

1711 2377 1814 2445 {ne
1839 2377 2097 2442 Capitolio
2118 2377 2327 2442 quidem
2349 2376 2639 2433 abstineri?
2687 2378 2784 2430 Er·⁷

1713 2468 1778 2518 go
1800 2453 2045 2518 intelligit
2068 2454 2290 2518 primum
2327 2469 2499 2518 agvnen
2536 2455 2778 2518 primum·

1712 2543 1818 2594 que
1857 2530 2113 2595 praelium,
2156 2535 2248 2580 aut
2293 2538 2439 2583 certe
2485 2539 2778 2601 utrumque,

1712 2606 1814 2658 sed
1826 2608 2056 2672 seorsim,
2075 2622 2272 2674 suoque
2294 2607 2491 2679 ordine.
2636 2636 2644 2641 ·
2769 2634 2774 2637 “

1777 2685 1792 2718 ‘
1827 2676 2217 2751 &lebet-rimam]
2280 2686 2407 2737 Scil.
2446 2687 2590 2738 eirca
2610 2689 2776 2740 lacum

1712 2760 2035 2812 Fundanum.

1777 2844 1800 2870 ¹
1839 2839 2097 2904 Togatam]
2143 2839 2350 2904 Nempe
2383 2854 2438 2889 se
2471 2854 2653 2904 pacem
2678 2840 2778 2906 agi·

1712 2921 1845 2979 tare,
1866 2916 1991 2967 licet
2012 2918 2319 2983 Vespasiani
2341 2917 2577 2970 fratrem.
2648 2919 2776 2983 Toga

1710 2992 1865 3041 armis
1898 2993 2197 3057 opponitur.
2280 2994 2388 3044 Cic.
2424 2996 2440 3023 ‘
2468 2993 2677 3044 Cedant
2697 3009 2775 3056 ar-

1709 3083 1794 3118 ma
1829 3069 2016 3132 togae?
2065 3067 2235 3119 infra:
2288 3072 2305 3099 ‘
2330 3069 2549 3121 fratrem
2582 3073 2774 3137 Vespa-
2855 3134 2862 3141 ⁸

1710 3143 1842 3193 siani
1865 3145 2110 3196 mansisse
2128 3146 2182 3211 in
2203 3146 2345 3198 fide-⁹

1719 3237 1728 3245 ¹
1772 3227 1797 3253 v
1851 3221 2007 3271 Unum
2042 3238 2068 3272 e
2103 3223 2417 3290 senatoribus]
2480 3224 2600 3275 Hoc
2634 3224 2776 3290 dicit,

1699 3299 1833 3363 -quia
1854 3307 2064 3350 senatus
2084 3314 2174 3349 seu
2196 3308 2483 3364 senatores,
2520 3307 2776 3367 quotquot

1711 3380 1860 3424 erant
1878 3375 1930 3424 in
1953 3376 2101 3440 urbe,
2124 3375 2373 3429 fovebant
2409 3385 2584 3443 partes
2613 3376 2775 3430 Vitel-¹

1708 3451 1786 3514 lii,
1808 3454 1990 3502 saltem
2012 3453 2067 3502 in
2087 3455 2335 3520 speciem,
2359 3456 2487 3505 etin
2507 3456 2773 3523 obsequio,

1709 3528 1831 3592 fide,
1855 3546 1915 3580 ac
1947 3545 2075 3595 pace
2113 3533 2459 3596 perstabant;
2505 3534 2557 3593 iu
2592 3535 2774 3599 quibus

1709 3607 1822 3670 ipse
1843 3608 2061 3658 Sabinus
2100 3615 2156 3658 et
2193 3610 2402 3673 quidem
2442 3624 2571 3660 unus
2605 3628 2637 3662 e
2677 3612 2775 3677 pri·

1708 3684 1954 3745 moribus,
1987 3695 2175 3749 nempe
2214 3700 2279 3734 ex
2315 3688 2569 3737 consulari
2615 3687 2774 3753 digni·

1708 3764 1839 3820 tate,
1875 3759 1940 3809 ob
1965 3761 2360 3831 proconsulatus
2394 3770 2450 3814 et
2487 3764 2775 3833 entraordi-

1705 3837 1852 3885 naria
1874 3836 2109 3902 imperia,
2140 3845 2197 3888 et
2232 3841 2498 3905 praecipue
2537 3842 2605 3893 ob
2646 3857 2774 3907 prae-

1706 3910 1963 3964 secturam
2003 3915 2145 3964 urbis
2184 3931 2279 3979 per
2314 3917 2590 3968 duodecim
2615 3933 2772 3969 annos

1708 3997 1924 4053 gestam,
1973 4006 2076 4041 non
2132 3991 2241 4041 sine
2295 3994 2519 4043 maximo
2564 3992 2768 4044 decore.

1705 4065 1893 4130 Itaque
1915 4067 2061 4131 dicit,
2082 4082 2137 4117 se
2158 4075 2220 4119 ut
2240 4069 2367 4120 alios
2408 4086 2436 4120 e
2465 4071 2665 4135 Semta,
2700 4068 2770 4121 nil

1707 4141 1958 4205 turbasse,
2009 4158 2170 4209 seque
2224 4145 2440 4206 finti-em
2499 4146 2769 4214 Vespasffitt

1705 4218 1928 4267 suasisse
1947 4218 1999 4267 in
2014 4219 2140 4286 fide.
