3050 4917
518 396 693 465 2850
1122 372 1128 378 ⁵
1183 413 1281 464 .c.
1325 407 1689 463 6661111311
1730 406 1989 458 ‘mmm
2058 419 2065 426 ·
2412 411 2749 495 [31113339

518 563 774 636 tanum,
825 556 1232 625 Praefectum
1267 554 1609 635 cohortis,
1663 553 1845 641 quod
1872 569 1881 576 ⁴
1912 553 2024 620 hic
2086 551 2377 634 Trevir,²
2404 557 2405 560 ’
2436 552 2739 624 Galenus,

518 660 810 740 AEduuS,
839 664 1113 745 uterque
1137 657 1482 726 Vitelliani
1509 659 1791 738 fuerant,
1822 658 2137 724 ostentui·
2165 658 2422 721 misere.
2480 651 2733 724 Simu!

514 764 832 834 transitus
868 760 1148 848 Alpium
1175 760 1513 846 praesidiis
1552 762 1898 844 occupati:
1965 764 2283 843 suspecta
2313 755 2730 902 Germania,

515 865 879 950 tanquam
858 885 929 929 16
944 864 1268 929 auxilium
1289 862 1555 930 Vitellii
1586 860 2057 949 accingeretur.
2118 921 2127 929 .

553 967 712 1036 36.
757 965 853 1034 Α1
880 966 1215 1046 Vitellius,
1269 964 1571 1051 profecto
1616 964 1911 1044 Caecina,
1951 983 2106 1030 cum
2154 960 2443 1036 Fabium
2471 960 2738 1026 Valenae-

514 1031 673 1150 163,
693 1071 935 1156 paucis
966 1075 1123 1155 post
1140 1070 1400 1148 diebus,
1424 1070 1513 1135 ad
1532 1069 1784 1136 bellum
1802 1068 2203 1152 impulisset,
2209 1074 2226 1103 ¹
2241 1073 2266 1102 ⁰
2289 1065 2466 1130 curis
2492 1063 2737 1156 lunum.

515 1172 948 1239 obtendebat:
932 1172 977 1211 “¹
1041 1192 1176 1238 non
1224 1191 1460 1257 parare
1505 1191 1712 1250 arma,
1755 1189 1887 1234 non
1930 1168 2221 1252 alloquio
2269 1165 2735 1248 exercitioque,

517 1359 745 1420 cohortis,
779 1359 833 1408 ia
872 1358 1197 1437 Germaniam,
1234 1358 1344 1436 91116
1376 1358 1453 1409 hic
1491 1358 1678 1420 Treuir,
1719 1356 1853 1407 ambo
1903 1353 2150 1406 Vitelliani
2170 1352 2393 1413 fueraut.
2457 1351 2727 1427 Eodemque

513 1428 722 1501 ternpore
740 1424 900 1473 aditus
930 1424 1125 1487 Alpium
1155 1424 1304 1487 copiis
1323 1438 1416 1473 seu
1454 1422 1761 1474 stationibus
1798 1420 1994 1470 obsessi.-
2026 1419 2136 1483 quia
2171 1416 2349 1479 infesta
2370 1416 2654 1478 Germania,
2679 1418 2727 1463 et

517 1489 654 1553 quasi
673 1488 788 1549 ipsa
806 1489 859 1538 ia
877 1488 1196 1549 defensionem
1220 1488 1403 1539 Vitellii
1420 1501 1672 1550 exsurgere
1681 1490 1897 1562 pararet.

583 1554 656 1604 At
687 1553 920 1615 Vitellius,
932 1554 1148 1615 digresso
1169 1553 1380 1614 Caecina,
1402 1568 1508 1601 cum
1520 1552 1687 1629 paucis
1706 1550 1967 1611 internecti-s
1983 1548 2146 1599 diebus
2165 1548 2369 1606 Fabium
2396 1546 2643 1597 Valentem
2660 1544 2738 1603 ad·

517 1618 863 1683 expeditionem
881 1618 1141 1682 incitasset,
1174 1588 1482 1722 instantibus
1504 1617 1713 1681 negotiis
1741 1617 1907 1666 luxum
1923 1613 2246 1679 111331331εὸ61.-
2292 1627 2388 1662 noa
2407 1609 2654 1674 accingere
2676 1623 2726 1659 33

1439 1759 1497 1779 00
1501 1757 1797 1778 ‘OOOO‘O'OO

538 1850 544 1857 ’
581 1864 620 1910 2
646 1858 877 1910 Budens.
906 1860 1161 1911 Triumvir.

582 1928 612 1975 1
648 1925 838 1977 Mallet
871 1926 953 1977 el.
990 1919 1259 1990 Ernestus,
1280 1923 1554 1991 expulisset.
1623 1920 1693 1973 At
1715 1911 1950 2000 probum,
1971 1918 2248 1985 impulisset.
2279 1918 2508 1972 Brotier.

1510 2097 1726 2149 No'rAE

513 2224 710 2276 manus,
752 2227 814 2264 ac
860 2212 997 2265 forte
1050 2214 1320 2265 3666161161
1384 2213 1577 2276 stirpis.

1720 2210 1858 2260 ‘Ad
1898 2208 2069 2258 bellum
2104 2205 2391 2273 impulisset]
2459 2204 2728 2274 Expedite

514 2286 687 2337 Nam·
674 2303 725 2338 16
750 2294 987 2339 senatum
1008 2290 1155 2341 asciti
1187 2294 1338 2341 erant
1367 2289 1578 2355 Lugdu·
1649 2284 1903 2352 jussisset.

509 2375 699 2416 nenses
720 2372 776 2415 et
792 2366 963 2430 AEdui‚
984 2367 1077 2417 sub
1102 2366 1337 2417 Claudio.

576 2440 648 2490 Et
682 2440 770 2492 ille
808 2442 1025 2493 tnbtmus
1060 2444 1279 2494 militum
1301 2442 1403 2493 fuit
1422 2433 1578 2491 alicu-

501 2513 593 2579 jus
614 2517 841 2567 cohortis
862 2532 924 2568 ac
959 2518 1176 2584 legionis
1210 2520 1360 2569 Rom.
1385 2517 1452 2568 ad
1476 2516 1599 2568 ‹lif--

510 2589 784 2645 fen-entiam
808 2595 1026 2646 aliorum
1048 2595 1323 2660 sociorum,
1342 2594 1431 2661 qui
1452 2608 1578 2644 aux·

508 2664 735 2730 iliarium
775 2670 1064 2721 cohortium
1103 2684 1198 2720 sen
1246 2670 1576 2735 popularium

512 2756 720 2795 suorum
764 2751 968 2796 tantum
1005 2747 1224 2811 praefecti
1267 2753 1451 2807 erant3
1518 2752 1576 2796 et

508 2820 817 2888 quaudoque
840 2822 1056 2874 civitate
1080 2823 1277 2888 donati,
1308 2823 1397 2873 sed
1419 2823 1469 2872 iu
1494 2838 1573 2877 se-

506 2902 687 2953 natum
720 2912 822 2948 non
854 2898 1024 2950 asciti.
1089 2900 1177 2951 Sic
1215 2901 1449 2952 hocloco
1483 2899 1574 2949 Al-

507 2972 664 3040 pinus
686 2974 968 3026 Montanus
1002 2977 1191 3026 Trevir
1221 2977 1479 3041 proesectus
1498 2992 1573 3025 co-

505 3048 659 3118 aona
690 3053 1001 3116 appellatur.
1072 3052 1287 3116 111-11111111,
1306 3059 1574 3118 equestres

503 3123 717 3178 militias
736 3127 1065 3193 obtinebant,
1087 3134 1145 3180 et
1181 3129 1379 3180 nobiles
1402 3135 1570 3193 erant,

505 3205 563 3253 et
584 3218 725 3269 saepe
746 3204 1012 3256 laticlavii.

570 3284 596 3313 ⁸
630 3281 876 3346 0333111111]
931 3282 1179 3332 Fortunae
1219 3296 1281 3333 ac
1322 3282 1570 3334 victoriae.

549 3343 593 3388 1·
624 3354 853 3421 Suspecta
879 3358 1163 3423 Germania]
1202 3360 1401 3410 Certe
1381 3375 1434 3409 in
1455 3374 1572 3409 aux·

503 3428 642 3480 ilium
669 3432 853 3484 Vitellii
889 3429 1231 3498 accingeretur,
1252 3436 1296 3485 si
1330 3434 1442 3501 quis
1464 3436 1570 3486 dux

504 3505 729 3573 adesset,
763 3511 805 3560 si
831 3511 1026 3566 Fabius
1050 3512 1245 3562 Valens
1267 3518 1573 3577 penetraret

502 3581 572 3632 ad
608 3584 857 3649 legiones.
922 3588 993 3636 Et
1021 3593 1168 3639 certe
1206 3589 1291 3639 bic
1331 3590 1568 3655 plebeius

499 3656 651 3710 miles
696 3660 987 3712 obstinatus
1031 3679 1128 3728 pro
1171 3665 1390 3720 Vitellio
1434 3673 1569 3729 erat,

498 3734 602 3785 nisi
641 3736 874 3790 obstaret
912 3753 975 3789 ac
1030 3739 1306 3792 divexaret
1359 3741 1566 3794 interim

500 3815 671 3862 castra
690 3813 948 3877 legionum
972 3815 1398 3870 Germanicarum
1435 3821 1572 3871 Civi-

498 3886 564 3938 lis
606 3889 857 3952 Batavus,
891 3890 1041 3942 illato
1088 3894 1260 3958 palam
1322 3896 1568 3948 Romanis

498 3959 656 4027 bello,
705 3966 893 4016 excitis
942 3967 1106 4022 Gallis
1168 3971 1568 4038 Germanisque,

498 4036 668 4103 initio,
701 4045 965 4105 praetextu
1001 4052 1057 4096 et
1093 4047 1342 4098 vocabulo
1365 4050 1566 4114 Vespa-

498 4113 663 4168 siani:
718 4118 804 4183 qui
844 4120 965 4171 dein
1000 4128 1057 4173 et
1096 4137 1189 4174 suo
1223 4126 1431 4176 nomine
1470 4127 1564 4176 im-

497 4192 704 4260 perium
764 4196 1050 4251 Galliarum
1111 4201 1396 4271 affectavit,
1443 4219 1562 4257 cum

501 4269 616 4323 aliis
638 4274 940 4340 proceribus
961 4276 1268 4334 Galliarum.

1722 2364 1747 2399 ‘¹
1782 2366 1957 2416 Curis.
1975 2365 2142 2414 luxum
2182 2360 2521 2424 obtendebat]
2546 2362 2726 2413 Vertit

1657 2442 1926 2505 Interpres
1951 2440 2092 2490 Gall.
2147 2439 2301 2490 Curis
2319 2438 2527 2502 imperii
2546 2439 2725 2490 luxum

1659 2518 1880 2569 velabat.
1965 2517 2156 2567 Sensus
2216 2513 2353 2565 forte
2391 2521 2504 2565 est:
2561 2515 2727 2565 Curas

1656 2592 1956 2643 obtendisse
1978 2590 2139 2642 luxui.
2162 2595 2180 2605 ³
2204 2590 2344 2640 Nam
2373 2590 2617 2655 ingentes
2639 2606 2727 2641 cu·

1656 2682 1749 2734 rae,
1769 2668 1944 2733 magni
1981 2668 2202 2730 labores,
2242 2665 2459 2731 perinde
2496 2667 2729 2732 volupta-

1656 2746 1796 2797 tibus
1825 2753 1882 2797 et
1916 2743 2306 2796 amoenitatibus
2344 2737 2511 2793 levari
2550 2750 2728 2808 egent.

1653 2827 1740 2878 Sic
1763 2827 1903 2884 Anu.
1926 2826 2021 2877 lib.
2055 2841 2119 2875 11.
2157 2829 2242 2877 33.
2290 2824 2623 2907 ‘Distinctos
2644 2840 2728 2876 36

1653 2910 1805 2954 natus
1837 2910 1894 2954 et
1926 2902 2161 2967 equitum
2199 2915 2417 2962 census3
2463 2916 2568 2951 non
2603 2902 2737 2976 quia

1654 2975 1845 3029 diversi
1864 2986 2069 3042 natura,
2083 2978 2176 3028 sed
2197 2986 2255 3028 ut
2273 2979 2422 3043 locis,
2438 2971 2735 3042 ordinibuS„

1654 3054 2040 3121 dignationibus
2081 3055 2357 3120 antistent,
2384 3057 2620 3121 talesque
2655 3056 2728 3113 ad

1652 3132 1882 3198 requiem
1905 3133 2083 3199 animi,
2104 3139 2195 3183 aut
2223 3132 2589 3184 salubritatem
2613 3149 2731 3200 cor·

1652 3222 1836 3271 porum
1878 3218 2147 3274 parentur.
2216 3210 2336 3259 Nisi
2371 3209 2511 3260 forte
2548 3203 2728 3266 claris,

1652 3282 1780 3335 simo
1802 3286 1993 3351 cuique
2017 3288 2194 3350 plures
2217 3301 2389 3350 curas,
2409 3279 2612 3351 majora
2633 3302 2728 3352 pe·

1650 3360 1819 3412 ricula
1844 3362 2150 3424 subeunda,
2136 3380 2149 3392 ·
2195 3363 2546 3414 delinimentis
2572 3359 2726 3426 cura·

1652 3453 1766 3489 rum
1791 3448 1847 3491 et
1884 3442 2229 3505 periculorum
2266 3441 2547 3492 carendum
2576 3458 2709 3498 esse,
2710 3444 2730 3485 '-

1650 3514 1756 3566 Ubi
1792 3531 1906 3581 pro,
1949 3518 2169 3584 talesque,
2201 3519 2385 3607 legunt
2423 3516 2530 3581 alii,
2554 3519 2731 3590 volup-

1645 3597 1877 3658 tatesque.
1945 3594 2047 3644 Sed
2089 3594 2228 3660 quod
2265 3595 2319 3656 in
2354 3596 2469 3654 aliis
2501 3596 2723 3648 ducibus

1646 3684 1732 3721 res
1769 3669 1888 3736 fuit,
1927 3677 2022 3724 aut
2061 3673 2364 3739 necessitas,
2406 3672 2461 3724 16
2501 3674 2729 3753 yitellio

1647 3752 1849 3798 tantum
1871 3754 2158 3814 praetextus
2180 3755 2311 3802 erat.

1717 3825 1863 3877 Curis
1882 3825 2071 3890 luxum]
2109 3827 2258 3876 Luxu
2281 3832 2338 3876 et
2358 3823 2718 3893 voluptatibus

1647 3915 1703 3952 se
1739 3901 2101 3968 immergebat,
2138 3902 2373 3960 abdebat
2391 3919 2446 3956 se
2470 3901 2612 3958 'lucis
2650 3921 2716 3957 ac

1645 3993 1914 4030 nemorum
1959 3980 2171 4045 umbris,
2222 3986 2520 4071 praetexens
2557 3982 2716 4051 forte,

1644 4056 1796 4121 quasi
1837 4055 1892 4107 in
1935 4070 2144 4107 secessu
2182 4072 2334 4110 curas
2374 4058 2582 4125 imperii
2619 4068 2715 4122 aut

1606 4132 1770 4184 -belli
1814 4133 2175 4199 meditaretur,
2216 4149 2336 4188 cum
2392 4148 2567 4212 neque
2627 4137 2714 4190 vel

1641 4209 1782 4260 inter
1821 4209 2044 4277 scyphos
2077 4211 2145 4261 de
2178 4207 2318 4262 bello
2338 4209 2597 4286 cogitaret
2618 4205 2723 4274 aut'

1642 4284 2340 4372 loqueretur.1nfra=‘
2383 4281 2717 4374 Umbracu‘lis
