3050 4917
313 431 367 485 κ
384 428 564 494 cnm]
915 426 1469 477 maronianum*
1496 428 1645 477 ms.
1693 428 1794 479 nr.
2318 408 2504 485 m

316 573 604 653 deoniuS,
656 574 971 641 adhibitis
1014 574 1330 640 Tribunis
1368 573 2035 660 centurionibusque,
2084 578 2501 660 consultavit,

319 680 515 743 §annm
564 678 973 764 obsequium·
1009 678 1376 743 abnuentes
1396 724 1413 737 .
1431 678 1525 743 vi.
1555 676 1925 745 coerceret?
2043 677 2241 760 Mox,
2300 683 2502 750 insita

312 781 572 863 ignavia
621 789 691 849 et
744 782 1020 869 trepidis
1074 781 1412 860 ministris,
1441 796 1445 800 ·
1471 801 1643 866 quos
1696 783 2045 865 ambiguus
2102 785 2501 851 auxiliorum

317 883 567 950 mimus
590 893 659 952 et
688 886 912 951 subito·
943 884 1203 951 delectu
1244 886 1577 969 suppletae
1617 883 1946 966 legionesb
1974 888 2319 970 angebant,
2366 892 2502 954 sta-

316 988 452 1067 tuit,
501 988 834 1053 continere
887 987 1059 1052 intra
1104 992 1327 1052 castra
1372 987 1673 1053 militem.
1765 988 1943 1061 Dein
1987 991 2391 1073 poenitentia,
2435 999 2505 1059 et

315 1092 733 1174 arguentibus
753 1091 947 1175 ipsis,
970 1090 1089 1175 qui
1112 1096 1480 1169 suaserant,
1500 1097 1814 1176 tanquam
1839 1100 2208 1170 secuturus,
2240 1095 2504 1179 scripsit

318 1192 647 1261 Herennio
676 1194 903 1274 Gallo,
949 1195 1227 1278 legionis
1267 1197 1495 1279 primae
1529 1194 1804 1278 Legato,
1852 1198 1970 1280 qui
2016 1197 2353 1261 Bonname
2384 1198 2504 1262 ob-

313 1297 569 1378 tinebat,
599 1304 672 1365 ut
700 1303 721 1333 ‘
744 1305 993 1364 arceret
1018 1302 1296 1364 transitu
1317 1297 1617 1366 Batavos
1639 1319 1655 1363 z
1704 1304 1778 1362 se
1803 1318 1953 1363 cum
1976 1302 2275 1365 exercitu
2305 1301 2505 1383 tergis

314 1420 530 1467 eorum
554 1400 938 1470 haesurum?
1022 1401 1110 1468 Et
1129 1401 1417 1487 opprimi
1436 1405 1761 1485 poterant,
1791 1403 1850 1465 si
1877 1403 2027 1467 hinc
2056 1403 2507 1482 Hordeonius,

316 1495 469 1569 inde
517 1494 779 1585 Gallus,
836 1507 1036 1572 motis
1088 1506 1419 1589 utrimque
1475 1505 1713 1589 copiiS,
1771 1505 2029 1570 medios
2085 1507 2505 1573 clausissent.

317 1606 608 1674 Flaccus
636 1609 862 1675 omisit
886 1611 1244 1695 inceptum,
1277 1609 1557 1692 aliisque
1584 1608 1793 1673 literis
1815 1607 2087 1674 Gallum
2116 1611 2395 1689 monuit,
2423 1630 2508 1675 ne

313 1712 599 1777 terreoetz
644 1709 1009 1780 abeuntes.‘¹
1096 1711 1292 1777 Unde
1332 1711 1651 1796 suspicio,
1693 1718 1926 1796 sponte
1956 1712 2353 1796 Legatorum
2392 1733 2513 1778 ex·-

317 1815 502 1880 citari
528 1817 813 1882 bellum:
863 1821 1250 1900 cunctaque,
1275 1836 1428 1900 quoe
1458 1814 1863 1880 acciderant4
1891 1822 2007 1880 aut
2031 1817 2510 1896 metuebantur,

316 1937 448 1982 non
494 1919 731 1985 inertia
773 1920 1026 1998 militis,
1074 1936 1290 2003 neque
1335 1917 1623 1984 hostium
1666 1919 1759 1998 vi,
1806 1919 1924 1983 sed
1965 1919 2198 1984 fraude
2243 1920 2510 1985 Ducum

315 2039 595 2090 evenire.

310 2166 319 2175 ·
393 2126 505 2193 20.
553 2127 821 2208 Batavi,
901 2147 1057 2193 cum
1116 2128 1348 2194 castris
1403 2127 1918 2193 Bonnensibus¹
1974 2125 2514 2211 propinquarent,

220 2336 225 2342 .
309 2293 470 2345 accitis
491 2294 711 2346 tribunis·
742 2301 790 2346 et
825 2295 1189 2359 centurionibus,
1227 2288 1542 2359 deliberat-it,⁴
1565 2311 1681 2347 num
1706 2295 1755 2344 vi
1779 2295 2140 2357 comprimeret
2165 2307 2348 2358 parere
2372 2288 2518 2344 recuss

312 2368 505 2411 santes.
576 2362 730 2425 Dein,
756 2363 973 2424 ingenita
993 2362 1204 2413 socordia
1227 2368 1274 2412 et
1292 2362 1481 2426 pavidis
1503 2360 1816 2424 administris,
1847 2377 1957 2424 quos
1976 2359 2119 2409 dubia
2139 2359 2366 2409 sociorum
2372 2359 2520 2426 fides,

309 2430 356 2473 'et
377 2427 686 2478 tumultum-io
707 2428 861 2478 milite
876 2430 1104 2494 supplem
1125 2427 1343 2491 legiones,
1359 2426 1528 2476 anxios
1543 2426 1790 2486 habebant,
1803 2427 2022 2487 decrevit,
2038 2426 2242 2474 attinere
2260 2425 2521 2485 exercitum

310 2490 437 2541 intra
455 2495 760 2545 munimenta.
837 2494 1026 2556 Postea,
1059 2498 1240 2544 mutato
1272 2493 1480 2554 consilio,
1510 2499 1560 2541 et
1588 2492 1938 2554 increpantibus
1970 2490 2196 2554 ipsismet,
2228 2489 2309 2554 qui
2343 2489 2395 2540 id
2415 2501 2520 2540 eon-

311 2557 569 2620 uenerant,
601 2560 749 2608 veluti
783 2565 1039 2623 secuturus,
1077 2559 1318 2608 mndavit
1347 2557 1587 2607 Herennio
1613 2557 1769 2618 Gallo,
1809 2558 1966 2620 legato
2001 2556 2168 2619 primoe
2192 2555 2407 2618 legionis,
2439 2555 2521 2620 qui

312 2621 499 2672 Bonnoe
532 2630 760 2686 praerat,
793 2632 853 2675 ut
894 2626 1120 2675 Batavos
1161 2623 1461 2688 prohiberet
1501 2631 1825 2685 transgressu
1847 2639 1859 2670 :
1912 2637 1964 2671 se
2004 2636 2120 2669 cum
2161 2620 2449 2684 legionibus
2490 2635 2522 2670 a

315 2693 464 2752 tergo
489 2688 801 2740 invasurum.
872 2690 941 2739 Et
960 2689 1212 2755 profligari
1230 2693 1467 2752 poterant,
1498 2690 1542 2738 si
1564 2688 1672 2736 hinc
1698 2687 2014 2748 Hordeonius,
2036 2687 2146 2734 inde
2172 2686 2356 2748 Gallus,
2375 2684 2525 2735 illatis

314 2754 552 2818 utrimque
586 2755 758 2818 signis,
787 2757 964 2804 medios
979 2754 1351 2818 intercepissent.
1410 2754 1608 2803 Flaccus
1620 2755 1856 2816 proposito
1876 2752 2083 2812 abstitit,
2104 2752 2300 2814 aliisque
2317 2750 2526 2814 epistolis

319 2819 458 2869 Gallo
481 2821 746 2881 mandavit,
777 2835 835 2870 ne
855 2826 1084 2869 terrorem
1116 2820 1317 2879 inferret
1339 2818 1707 2868 abscedentibus.
1781 2818 1915 2867 Unde
1939 2825 2052 2866 orta
2075 2815 2253 2880 opinio,
2288 2817 2525 2864 voluntate

318 2886 486 2934 dacum
509 2886 699 2934 accendi
723 2886 888 2935 bellum
903 2902 919 2934 .·
949 2886 1063 2949 quin
1095 2886 1243 2934 etiam
1275 2885 1434 2934 omnia
1470 2900 1574 2947 quae
1592 2883 1889 2945 contigerant
1919 2888 2000 2932 aut
2024 2881 2329 2943 timebantur,
2352 2894 2415 2930 ea
2435 2894 2525 2929 non

314 2952 525 3000 midae
544 2950 738 3012 ignat-ia
758 2950 949 3012 militis,
970 2966 1117 3015 neque
1135 2950 1349 3014 potentia
1365 2950 1589 3011 hostiam,
1607 2951 1689 2997 sed
1706 2948 1904 3014 perfidia
1925 2950 2200 3010 legatorum.

383 3015 587 3079 Batavi,
618 3031 724 3067 cum
743 3018 805 3065 ad
829 3016 1056 3080 presidia
1077 3016 1351 3066 Bonnensia
1374 3030 1522 3083 prope
1557 3015 1845 3079 accederent,
1872 3015 2161 3078 praemisere,
2193 3010 2272 3076 qui
2292 3009 2524 3060 desideria

1238 3141 1597 3164 “oenone“

320 3231 351 3277 3
386 3227 473 3278 Sic
499 3227 631 3277 bene
657 3227 782 3278 Mss.
806 3222 1011 3278 vetere‘s
1033 3232 1087 3277 et
1113 3228 1430 3277 recentiores
1471 3225 1745 3277 editiones.
1811 3224 1954 3274 Male
1996 3224 2293 3286 Rhenanus,
2329 3229 2527 3276 teneret.

321 3292 654 3343 Brotier.—4
687 3293 774 3343 Sic
795 3292 931 3343 bene
952 3293 1080 3343 Mss.
1105 3294 1246 3345 Flor.
1274 3293 1407 3357 Reg.
1432 3293 1584 3342 Harl.
1608 3290 1761 3341 Bodl.
1782 3288 1910 3353 Agr.
1936 3290 2254 3339 Puteolanus
2277 3297 2332 3338 et
2353 3304 2529 3340 recen·

232 3373 239 3379 ·
319 3358 497 3408 tiores.
544 3358 818 3408 Rhenanus
841 3372 872 3407 e
894 3359 992 3409 Ms.
1016 3359 1150 3408 Bud.
1175 3360 1227 3407 in
1249 3373 1372 3423 quo,
1392 3360 1471 3422 qui
1493 3362 1678 3422 cuncta,
1700 3357 2084 3419 emendaverat,
2105 3356 2219 3420 quin
2241 3361 2406 3406 cuneta
2427 3371 2530 3421 qaoe

314 3425 585 3473 acciderant
598 3441 619 3483 ,-
651 3425 732 3488 [et
754 3424 825 3474 sic
847 3422 1011 3474 edidit
1026 3424 1302 3488 Ryckius.]
1337 3424 1487 3474 Idem.

386 3494 413 3539 l
452 3490 554 3539 Ms.
589 3489 815 3540 Budens.
850 3490 1242 3555 Bononiensibus,
1272 3490 1442 3550 male;
1477 3489 1555 3539 sic
1578 3492 1634 3538 et
1655 3487 1810 3552 paulo
1833 3493 1967 3550 post.
2005 3485 2166 3536 Oberl.

1321 3620 1535 3674 No'rAE

373 3735 397 3770 δ
419 3735 591 3787 Subito
602 3738 784 3787 detecta
796 3739 1019 3802 suppleta
1031 3739 1258 3804 legiones]
1279 3740 1389 3789 Ma·
1532 3736 1559 3771 ‘¹
1593 3737 1672 3788 Ne
1694 3738 1894 3786 terreret
1914 3730 2157 3794 abeuntes]
2192 3730 2276 3780 Ita
2297 3731 2531 3784 Florent.

322 3815 552 3879 gentiani
595 3818 705 3864 tur'n
759 3815 887 3865 duas
939 3816 1120 3867 habuit
1163 3817 1387 3881 legiones
1470 3819 1528 3865 et
1547 3814 1681 3864 Ven.
1705 3813 1876 3875 vulgo,
1896 3825 1953 3860 ne
1973 3812 2169 3859 teneret.
2203 3807 2451 3859 Pichena.
2486 3819 2490 3824 ·

330 3893 679 3956 HordeoniuS,
711 3902 946 3959 quartam
967 3901 1020 3945 et
1041 3895 1390 3946 duodevicesi-
1536 3890 1711 3954 Magis
1735 3902 1829 3954 pro
1862 3903 1919 3937 re
1955 3895 2010 3937 et
2046 3901 2143 3950 pro
2167 3885 2318 3950 genio
2340 3885 2533 3951 Taciti,

270 3989 275 3994 ·
322 3984 479 4033 mam,
500 3972 628 4019 alias
651 3970 1122 4021 diioetvicesimam.
1471 3972 1689 4019 terreret.
1758 3967 1893 4016 Nam
1916 3966 1958 4014 si
1980 3970 2140 4014 tenere
2161 3978 2268 4026 eas,
2296 3977 2390 4015 sen
2412 3963 2537 4014 reti-

388 4054 413 4080 0
445 4047 686 4110 Bonnam]
724 4047 855 4098 Haec
881 4048 1004 4098 urbs
1029 4049 1278 4098 Ubiorum
1302 4064 1391 4113 po-
1470 4059 1599 4096 nere
1622 4043 1803 4104 noluit,
1833 4041 1993 4105 magis
2031 4047 2088 4090 et
2126 4052 2314 4090 cavere
2338 4036 2541 4104 debuit,

327 4126 584 4190 palorum,
618 4126 670 4175 in
694 4122 977 4177 Ger-'mania
1005 4126 1255 4177 inferiore
1277 4143 1394 4192 pro-
1473 4138 1542 4173 ne
1555 4125 1753 4171 terreret
1766 4119 2013 4169 abantea.-
2046 4117 2166 4183 qnia
2183 4117 2259 4168 sic
2272 4122 2538 4168 conturna-

327 4202 502 4252 vincia
521 4201 716 4263 ,Gauiae
743 4202 987 4266 Belgicae.
1041 4203 1211 4253 Hodie
1230 4204 1396 4255 Bonae
1473 4203 1606 4253 ciam
1625 4208 1683 4249 et
1699 4197 2036 4248 rebellionem
2054 4195 2303 4247 irritaret.
2367 4195 2440 4245 Et
2459 4194 2538 4245 sic

328 4278 455 4329 urbs
476 4278 975 4344 Aschiepiscopatns
993 4287 1051 4330 et
1066 4281 1395 4331 Electoratns
1476 4278 1660 4329 volunt
1681 4274 1802 4325 libri
1822 4273 1972 4328 MSS.

331 4355 672 4422 Coloniensis,
697 4371 863 4423 prope
885 4357 1122 4408 Rhenum
1144 4355 1376 4411 fluvium.
1464 4347 1491 4383 ,·
