3050 4917
982 373 1514 448 ms'romAnuM
1565 394 1716 443 mn.
1765 393 1866 445 iv,

308 404 363 460 J.
388 402 578 468 cutm]
2347 378 2524 486 8119

312 535 689 640 clauserant
748 543 1075 610 Romani:
1147 549 1226 608 ut
1281 545 1624 631 colloquia
1681 563 2206 630 congressusque
2261 552 2524 616 nostros

311 654 647 722 arcerent:
691 649 824 729 vel,
864 649 1040 735 quod
1082 650 1628 715 contumeliosius
1667 654 1770 713 est
1808 648 1966 714 viris
1995 649 2083 715 ad
2113 668 2301 717 arma
2325 653 2524 737 natiS,

313 750 598 818 inermes
631 771 712 819 ac
757 762 967 839 prope
982 762 1001 801 ³
1049 755 1233 830 nudi,
1283 758 1411 820 sub
1460 754 1737 820 custode
1784 760 1851 818 et
1897 755 2111 838 pretio
2143 754 2527 830 coiremus.„¹
2567 748 2571 753 ’

315 852 474 934 Sed,
525 863 600 922 ut
643 857 945 924 amicitia
991 857 1410 941 societasque
1451 861 1675 922 nostra
1716 856 1786 921 in
1834 863 2151 921 aeternum
2200 863 2350 923 rata
2376 858 2529 938 sit,⁴

312 1006 486 1057 muniz
524 1014 582 1058 nt
602 1009 849 1060 sermonis
866 1009 1032 1060 mutui
1055 1009 1369 1060 commercia
1384 1013 1778 1075 conventusque
1799 1014 2008 1057 nostros
2026 1006 2389 1072 prohiberent3
2421 1010 2526 1073 vel,

305 1072 449 1144 ‘quod
472 1072 862 1138 ignominiosius
885 1081 968 1125 est
991 1076 1196 1140 populis
1233 1076 1298 1125 sd
1336 1076 1525 1126 bellum
1562 1075 1774 1139 genitis,
1809 1079 1865 1123 ut
1900 1075 2142 1136 inermes,
2180 1089 2242 1124 ac
2267 1088 2429 1139 prope
2449 1075 2528 1126 in-

315 1138 466 1201 tecti,
490 1139 583 1188 sub
605 1140 762 1204 vigile
788 1155 848 1191 ac
872 1141 1100 1191 satellite
1137 1143 1194 1190 e't
1229 1141 1398 1191 soluta
1427 1140 1655 1205 'pecunia
1695 1138 2106 1191 conveniremus.
2170 1138 2292 1202 Sed,
2325 1146 2383 1189 ut
2406 1154 2528 1189 con·

313 1202 492 1252 cordia
513 1202 783 1270 foedusque
804 1212 1038 1257 nostrum
1060 1206 1112 1255 in
1137 1208 1510 1272 sempiternum
1534 1211 1771 1270 perstent
1778 1204 1950 1271 fimo,
1970 1204 2196 1270 petimus
2218 1219 2249 1254 a
2271 1205 2440 1270 vobis,
2472 1211 2528 1257 ut

1244 1317 1606 1357 oeeue‘o‘eeeee

312 1437 506 1483 terram.
572 1431 751 1484 Editio
788 1432 1051 1499 princeps,
1083 1440 1131 1486 et
1168 1440 1462 1485 terram—8
1497 1434 1729 1486 Budens.
1754 1435 1885 1485 male
1906 1436 2110 1487 inermes
2129 1449 2213 1484 nec
2228 1434 2371 1499 probe
2391 1435 2525 1486 nudi.

307 1498 597 1555 ,obeth—4
628 1498 717 1550 Sic
739 1500 870 1550 Mss.
895 1501 1025 1564 Reg.
1044 1499 1174 1564 Agr.
1195 1500 1359 1552 editio
1376 1502 1644 1565 princeps,
1666 1502 1918 1551 Ernestus
1940 1509 1997 1551 et
2020 1500 2358 1551 recentiores.
2392 1501 2523 1550 Mss.

316 1562 468 1612 Harl.
493 1563 648 1614 Bodl.
670 1564 785 1616 Jes.
822 1571 878 1615 et
913 1565 1255 1632 Puteolanus,
1286 1572 1397 1617 rata
1418 1567 1554 1625 sint:
1587 1575 1643 1617 et
1676 1567 1751 1618 sic
1777 1568 2009 1618 Gronov.
2044 1573 2101 1617 et
2137 1565 2404 1630 Ryckius3
2441 1565 2526 1616 bic

1308 1703 1529 1755 NOTAE

313 1832 525 1884 bantur.
593 1831 895 1899 Occupasse
938 1840 994 1886 et
1034 1835 1285 1887 invasisse
1324 1836 1379 1886 id

313 1924 465 1961 omne
487 1911 820 1976 videbantur,
841 1913 983 1979 quod
1008 1913 1140 1964 adiri
1162 1929 1265 1966 nou
1289 1927 1379 1978 po·

314 1993 472 2039 terat.

380 2064 392 2098 ¹
428 2065 528 2116 Sub
549 2069 737 2116 cmode
753 2072 801 2117 et
812 2069 970 2132 pretio
993 2068 1243 2134 coiremus]
1279 2068 1378 2120 Sub

311 2145 520 2207 custode,
573 2144 661 2209 qui
706 2145 1005 2197 attenderet
1056 2146 1379 2213 loquentium

312 2221 653 2272 sermonibus.
723 2222 859 2272 Haec
897 2223 1114 2276 Senecae
1158 2225 1192 2273 l.
1228 2238 1269 2274 1.
1312 2223 1379 2274 de

311 2298 484 2349 Clem.
507 2299 681 2364 cupite
707 2304 787 2349 19.
821 2301 837 2328 ‘
865 2302 1001 2350 Vota
1034 2300 1130 2350 sub
1164 2299 1379 2350 custode

310 2376 767 2439 nuncupantibus!
816 2377 936 2428 Non
972 2383 1095 2428 sunt
1127 2378 1382 2442 capienda

311 2453 383 2504 de
406 2454 845 2517 observatoribus,
862 2454 1048 2520 quibus
1068 2469 1194 2505 cura
1214 2455 1300 2519 sit,
1320 2462 1379 2506 ut

310 2532 415 2583 rite
435 2538 799 2598 nuncupentur
822 2540 973 2595 vota3
1007 2533 1099 2583 sed
1122 2534 1189 2583 de
1210 2548 1380 2584 saeer-

305 2609 457 2672 rimis
498 2610 631 2675 aliis,
673 2625 804 2675 quos,
842 2611 1084 2676 princeps
1129 2618 1379 2675 tyrannus

298 2692 523 2738 ‚secreto
554 2688 772 2752 apponit
806 2688 885 2751 iis,
920 2703 1047 2755 quos
1082 2688 1381 2753 suspicatur

305 2764 447 2815 male
468 2764 537 2817 de
564 2777 619 2814 se
641 2764 859 2829 opinari.

297 2857 308 2865 ·
378 2841 517 2891 Plin.
543 2842 738 2905 Paneg.
770 2842 785 2869 ‘
807 2841 972 2894 Queri
994 2840 1141 2905 libet,
1164 2841 1304 2907 quod
1328 2839 1380 2892 in

311 2924 519 2967 secreta
561 2925 744 2968 nostra
787 2932 888 2967 non
933 2906 1199 2982 inquirant
1243 2919 1383 2983 prin-

310 2993 476 3057 cipes,
515 2993 611 3042 nisi
650 3008 776 3060 quos
810 2992 1044 3043 odimus!
1113 2994 1243 3044 Inde
1282 3002 1380 3058 est,

313 3069 456 3136 quod
480 3070 544 3120 de
565 3070 771 3121 Tiberio
795 3070 1082 3134 prodiderit
1104 3070 1377 3137 Tranquil-

309 3147 394 3197 lus
430 3146 602 3212 capite
637 3151 719 3197 63.
786 3148 801 3176 ⁴
827 3147 1142 3212 Haruspices
1175 3157 1378 3200 secreto

303 3229 373 3279 ‚et
393 3224 505 3274 sine
531 3224 749 3276 testibus
772 3225 971 3275 consuli
993 3225 1201 3278 vetuit)
1369 3289 1374 3294 η

305 3325 312 3332 ·
378 3303 547 3356 Immo
591 3301 774 3352 eadem
816 3316 970 3352 causa
1013 3302 1230 3365 legimus
1270 3305 1307 3353 1.
1337 3318 1378 3355 1.

301 3378 595 3431 Annalium
631 3383 716 3428 ⁷6.
751 3380 766 3408 ⁴
795 3379 1010 3429 Censuit
1049 3378 1283 3444 Asinius,
1321 3388 1381 3432 ut

309 3456 436 3506 libri
468 3455 710 3520 Sibyllini
750 3455 1048 3504 adirentur:
1085 3456 1262 3506 renuit
1296 3457 1380 3507 Ti·

312 3535 512 3599 berius,
529 3532 744 3599 perinde
760 3532 934 3584 ‘divina
949 3534 1276 3600 humanaque
1291 3534 1383 3585 ob·

312 3610 535 3677 tegens!

299 3729 310 3734 -
381 3691 503 3742 Nec
540 3689 748 3739 aliunde
784 3690 1017 3755 queritur
1053 3689 1289 3754 Tacitus,
1328 3691 1382 3740 in

311 3767 427 3819 vita
469 3764 757 3831 Agricolae:
802 3767 818 3794 ⁶
844 3768 1100 3817 Dedimus
1142 3766 1383 3831 profecto

314 3843 513 3908 grande
558 3843 828 3907 patientiae
869 3842 1268 3906 documentum3
1325 3853 1383 3896 et

312 3921 451 3973 sicut
473 3926 623 3969 vetus
660 3928 789 3968 aetas
814 3919 967 3983 vidit,
998 3919 1123 3985 quid
1146 3920 1380 3970 ultimum

311 3998 369 4050 in
405 3997 653 4049 libertate
691 4003 863 4059 esset;
912 3997 987 4047 ita
1026 4012 1120 4047 nos
1160 3997 1287 4061 quid
1325 3997 1379 4046 in

305 4076 602 4136 servitute3
647 4076 853 4123 ademto
890 4088 984 4138 per
1019 4074 1381 4138 inquisitiones

307 4157 373 4210 ‚et
404 4151 658 4220 loquendi,
673 4150 1014 4216 audiendique
1036 4150 1382 4202 commercio!

387 4228 607 4280 Custodia
627 4228 852 4292 nomine,
886 4228 1062 4277 venire
1092 4228 1383 4286 talemota-

1458 1851 1524 1888 11.
1548 1840 1631 1887 83.
1657 1836 1747 1888 ubi
1776 1837 1855 1888 bis
1887 1836 2125 1889 meminit
2158 1834 2381 1898 ustodis,
2413 1850 2445 1885 a
2468 1833 2529 1887 C.

1460 1914 1670 1964 Caesare
1708 1914 1909 1978 pastori
1949 1913 2197 1978 appositi,
2234 1912 2324 1977 qui
2354 1911 2565 1962 obser-‘

1458 1998 1622 2053 varet,
1657 2004 1723 2040 an
1755 1991 1992 2042 ebiberet
2025 1991 2214 2056 pocula
2235 1988 2529 2055 propinata.

1462 2065 1718 2115 Gruterum.

1527 2144 1577 2194 N
1583 2159 1648 2193 on
1671 2144 1845 2209 agitur
1865 2144 1950 2195 hic
1972 2143 2039 2194 de
2074 2141 2291 2198 secretis
2328 2139 2429 2192 illis
2452 2138 2529 2189 in·

1461 2221 1818 2287 quisitoribus,
1853 2236 1945 2271 seu
1967 2220 2289 2284 custodibus,
2325 2223 2532 2269 secreto

1460 2301 1714 2365 appositis
1740 2316 1772 2351 a
1793 2298 2146 2366 principibus:
2181 2297 2267 2347 isti
2301 2297 2530 2360 amodes,

1465 2380 1638 2443 palam
1655 2385 1711 2429 et
1728 2379 1935 2442 publice
1957 2376 2084 2440 dati,
2100 2375 2374 2427 Germanis
2392 2387 2530 2424 com-

1464 2456 1759 2506 meantibus
1798 2455 1862 2505 ad
1902 2455 2067 2520 ripam
2108 2454 2257 2503 Rom.
2290 2451 2393 2518 =qui
2426 2464 2531 2500 non

1465 2535 1626 2583 solum
1643 2532 1980 2584 attenderent.
2000 2529 2350 2597 loquentibus,
2365 2526 2455 2577 sed
2475 2532 2532 2577 et

1466 2611 1808 2662 observarent
1842 2610 1966 2676 quid
2005 2613 2238 2672 agerent,
2275 2621 2339 2655 ne
2364 2611 2529 2655 coetus

1464 2695 1559 2740 ant
1602 2687 1949 2738 conciliabula
1986 2685 2262 2747 haberent,
2299 2696 2365 2731 ne
2407 2680 2531 2748 quid

1461 2765 1770 2816 molirentur
1786 2764 2030 2814 adversus
2053 2760 2316 2826 Rempub.
2340 2756 2529 2808 Roma-

1460 2857 1608 2892 nam:
1645 2841 1784 2907 quod
1810 2840 2029 2890 maxime
2051 2838 2306 2890 cavebant
2329 2837 2380 2887 in
2402 2835 2533 2886 limi-

1463 2920 1603 2970 tibus
1625 2918 1827 2985 imperii
1845 2938 1860 2981 ;
1892 2918 1969 2968 ita
1991 2924 2050 2968 ut
2067 2917 2342 2966 immensas
2361 2921 2531 2965 terras

1441 2998 1683 3048 ¹incultus
1722 2996 1819 3047 sibi
1856 2994 2127 3057 haberent,
2161 2999 2419 3057 praetextu
2453 3004 2532 3039 ar-

1458 3081 1753 3125 meutorum
1775 3073 2015 3134 militum,
2037 3076 2097 3121 ut
2121 3070 2301 3135 procul
2327 3083 2531 3117 amove·

1460 3160 1581 3203 rent
1603 3152 1865 3203 barbaros.

1525 3231 1598 3279 Et
1626 3233 1771 3279 certe
1804 3226 1985 3292 paucis
2016 3223 2337 3276 commeandi
2375 3220 2544 3285 copis·

1461 3321 1730 3357 concessa.
1749 3304 1881 3355 Tae.
1900 3303 1967 3354 de
1982 3304 2121 3354 Mor.
2144 3302 2327 3353 Germ.
2350 3302 2367 3330 ‘
2391 3300 2531 3352 Her-

1460 3384 1830 3433 mundurorum
1843 3381 2027 3431 civitas
2041 3379 2145 3429 fida
2155 3377 2400 3429 Romanis
2415 3393 2427 3427 ε
2446 3391 2532 3427 eo-

1461 3475 1562 3526 que
1574 3459 2196 3520 solisGermanorum,non
2206 3457 2259 3504 in
2270 3456 2385 3521 ripa
2397 3467 2532 3504 com-

1459 3536 1729 3599 mercium,
1752 3536 1843 3586 sed
1867 3535 2076 3599 penitus
2099 3540 2259 3598 atque
2277 3531 2332 3581 in
2355 3531 2528 3595 splen-

1460 3611 1729 3663 didissima
1783 3612 2004 3662 Rhaetiae
2062 3609 2343 3675 provinciae
2389 3607 2529 3657 colo-

1459 3689 1572 3740 nia:
1605 3688 1793 3754 passim
1808 3695 1866 3738 et
1877 3688 1987 3737 sine
1999 3686 2214 3737 custode
2230 3688 2531 3744 transeunt3

1460 3771 1517 3815 et
1549 3780 1664 3815 cum
1698 3766 1888 3814 ceteris
1925 3764 2165 3827 gentibus
2198 3777 2342 3812 arma
2374 3760 2531 3811 modo

1461 3849 1738 3906 castraque
1763 3849 1941 3891 nostr-a
1964 3840 2329 3903 ostendamus,
2346 3839 2422 3889 his
2438 3837 2531 3889 do-

1462 3935 1571 3969 mos
1596 3921 1849 3984 villasque
1874 3915 2254 3983 patefecimus,’
2277 3920 2380 3967 &c.
2456 3957 2463 3966 .

1531 3998 1661 4048 Ideo
1682 4013 1803 4048 mox
1825 3996 2127 4062 permissum
2160 3993 2390 4045 barbaris
2410 4006 2533 4044 con-

1466 4075 1643 4132 venire
1674 4080 1874 4124 tantum
1896 4073 2059 4123 semel
2084 4072 2138 4121 in
2156 4084 2354 4132 mense,
2381 4076 2533 4120 certo

1457 4152 1598 4217 loco,
1622 4152 1930 4204 centurione
1964 4154 2227 4216 praesente
2250 4154 2306 4202 et
2326 4146 2532 4212 inspec-

1464 4238 1612 4283 tore:
1647 4230 1720 4283 sic
1743 4230 1866 4282 Dio.

318 4312 520 4374 custen,
554 4305 728 4371 arguit
762 4305 891 4356 illud
928 4305 1170 4371 Senecae,
1193 4305 1262 4357 de
1297 4305 1385 4364 1η
1475 4352 1485 4363 ,
