3050 4917
485 401 661 469 m

487 562 814 629 minorum
841 560 1081 626 electio
1111 560 1225 639 sit,
1245 560 1585 625 honestius
1616 560 1967 644 Principes
1992 558 2478 642 Romanorum,
2497 581 2704 646 quam

491 664 972 730 Germanorum
1010 663 1324 729 foeminas
1353 664 1689 728 tolerari.'¹‘
1775 664 1954 729 Haec
1981 664 2243 747 vulgus.
2292 665 2299 672 ’
2334 664 2703 730 Proceres:

490 772 513 801 ‘
543 770 864 834 atrociore
917 766 1154 831 Civilis
1192 767 1381 831 rabie
1411 773 1622 831 semet
1664 767 1735 831 in
1784 786 1971 832 arma
2006 773 2227 832 trusos
2250 766 2295 828 :⁶
2356 768 2543 833 illum'
2581 768 2722 833 do·-

488 873 785 937 mesticis
813 872 1011 935 malis
1057 870 1398 935 excidium
1448 873 1662 954 gentis
1709 872 2151 955 opposuisse:
2216 877 2375 937 tunc
2406 872 2703 937 infensos

492 975 770 1039 Batavis
844 973 1052 1050 DeoS,
1102 993 1253 1037 cum
1300 972 1762 1038 obsiderentur
1816 973 2133 1057 legioneS,
2191 975 2706 1040 interficerentur

493 1071 749 1160 Legati,
806 1076 1057 1141 bellum
1116 1077 1233 1140 uni
1290 1078 1766 1156 necessarium,
1842 1078 2042 1142 ferale
2097 1080 2262 1163 ipsis
2320 1083 2704 1144 sumeretur.

492 1179 788 1246 Ventum
819 1179 904 1244 ad
935 1188 1253 1259 extrema,
1281 1181 1350 1244 ni
1376 1182 1795 1265 resipiscere⁷
1826 1163 2169 1265 incipiant,
2211 1186 2276 1245 et
2302 1180 2491 1245 noxii
2520 1180 2725 1265 capi-.

490 1283 580 1348 tis
608 1303 813 1366 poena
841 1284 1294 1369 poenitentiam
1324 1284 1692 1350 fateantur?
2120 1335 2125 1338 ,

576 1386 686 1451 26.
733 1386 896 1451 Non
920 1387 1155 1451 fefellit
1184 1386 1473 1452 Civilem
1500 1406 1586 1451 ea
1632 1387 2002 1465 inclinatio,
2032 1390 2102 1450 et
2150 1387 2517 1470 praevenire
2565 1392 2711 1451 sta-

492 1490 620 1555 tuit
644 1509 661 1549 2
724 1510 923 1575 super
951 1489 1228 1555 taedium
1255 1490 1605 1569 malorum,
1634 1491 1836 1554 etiam
1865 1509 1989 1573 spe
2017 1490 2204 1567 vitae,
2235 1507 2390 1572 quae
2420 1488 2710 1573 plerum-

494 1612 626 1676 que
671 1612 945 1676 magnos
996 1594 1251 1658 animos
1292 1592 1607 1676 infringit.
1697 1592 1920 1660 Petito
1968 1593 2328 1677 colloquio,
2381 1590 2727 1658 scinditur-

497 1692 837 1760 Nabaliae¹
868 1696 1165 1761 fluminis
1196 1715 1366 1780 pons
1389 1705 1437 1779 3‘¹
1498 1698 1570 1761 in
1614 1696 1808 1782 cujus
1859 1697 2143 1780 abrupta
2170 1696 2532 1780 progressir
2561 1694 2711 1760 Du-

1199 418 1281 466 C.·
1308 417 1672 466 commun
1721 415 1975 466 'rsct'rl
2373 421 2466 486 [A.
2491 422 2559 474 U.
2578 425 2696 475 828.

495 1921 569 1981 et,
590 1915 633 1965 si
653 1916 917 1981 principes
938 1916 1231 1966 assumendi
1254 1915 1524 1967 arbitrium
1549 1915 1887 1977 concedatur,
1909 1916 2078 1980 maJus
2102 1915 2261 1964 decus
2299 1913 2502 1964 ferendi
2537 1913 2713 1976 Impe-

493 1987 694 2032 ratores
727 1983 1094 2044 Romanornm‚
1118 1997 1269 2045 quam
1296 1982 1537 2031 mulieres
1574 1981 1965 2032 Germanorum.
2037 1981 2158 2030 Hoee
2350 1995 2404 2029 s.-
2439 1978 2677 2027 Primores
2696 1994 2715 2027 .·

493 2047 867 2097 truculentiore
890 2048 968 2096 ira
989 2047 1170 2097 Civilis
1211 2049 1348 2111 ipsos
1372 2048 1426 2095 in
1462 2047 1654 2096 bellum
1678 2054 1910 2096 tractos:
1964 2046 2107 2094 illum
2131 2045 2358 2094 nationis
2381 2044 2597 2093 exitium
2618 2043 2715 2092 do-

495 2112 728 2161 mesticis
751 2112 986 2162 cladibus
1004 2112 1292 2176 objecisse:
1332 2120 1440 2161 tum
1459 2110 1651 2161 infesta
1661 2111 1817 2172 fuisse
1839 2112 2053 2161 Batavis
2079 2112 2324 2171 Numina,
2343 2125 2460 2158 eum
2479 2109 2711 2170 legiones

494 2185 939 2246 oppugnarentur,
961 2177 1326 2227 occiderentur
1348 2177 1525 2238 duces,
1551 2183 1606 2227 et
1631 2179 1822 2227 bellum
1838 2182 2201 2242 capesseretur
2222 2176 2311 2224 uni
2332 2175 2481 2237 utile,
2496 2174 2713 2225 exitiale

492 2242 639 2310 ipsis.
706 2242 924 2292 Venisse
948 2258 1004 2292 se
1030 2243 1082 2291 in
1117 2243 1443 2292 novissimum
1469 2243 1768 2307 discrimen,
1788 2243 1885 2292 nisi
1921 2243 2174 2306 poenitere
2197 2241 2469 2305 incipiant,
2490 2246 2546 2288 et
2568 2238 2714 2288 noxii

494 2306 714 2358 hominis
733 2308 990 2372 supplicio
1014 2308 1373 2371 poenitentiam
1397 2309 1704 2371 approbent.

564 2373 675 2422 Non
712 2373 856 2422 latuit
906 2373 1106 2422 civilem
1140 2388 1196 2422 ea
1234 2373 1560 2438 popularium
1596 2375 1829 2435 voluntas,
1866 2376 1912 2421 et
1947 2375 2232 2435 proevertere
2252 2370 2498 2429 decret-it.-
2536 2373 2716 2432 μητέρι·

496 2437 794 2487 anxietatem
830 2453 1165 2499 certamnen-um,
1185 2440 1331 2488 etiam
1358 2453 1439 2502 spe
1468 2440 1635 2500 veniae,
1659 2453 1764 2503 (μιαν
1792 2452 1915 2499 sape
1955 2444 2010 2486 et
2032 2438 2230 2486 audaces
2261 2436 2445 2485 animas
2480 2433 2714 2484 convellit.

497 2502 751 2552 Postulato
772 2518 1042 2566 congressu,
1079 2504 1377 2569 abrumpitur
1410 2519 1531 2568 pons
1567 2504 1723 2553 amnis
1761 2502 2014 2561 Nabaliae5
2060 2503 2113 2551 in
2146 2501 2518 2563 cujus-abscissa
2551 2514 2717 2549 venere

1465 2653 1824 2677 omoeoeueee

499 2775 582 2819 tra
607 2768 849 2819 tentabat
873 2768 1171 2830 Rhenanus,
1181 2768 1498 2831 juventutem.
1535 2768 1858 2819 Brotier.—6
1891 2766 1995 2818 Hic
2031 2767 2252 2832 explicit
2284 2767 2390 2817 ΜΒ.
2410 2766 2525 2818 Jes.
2560 2765 2716 2817 Iden.

495 2838 591 2884 —7
629 2835 770 2886 Male
799 2834 900 2883 Ms.
925 2834 1086 2884 Bodl:
1100 2849 1174 2884 res
1206 2836 1343 2884 icere.
1378 2834 1610 2884 Brotier.

563 2903 589 2950 1
628 2899 843 2949 Frustra
878 2899 1118 2949 tentabat
1187 2900 1369 2965 ipsius,
1401 2900 1596 2950 Vahalis
1620 2898 1861 2964 fluminis.
1932 2898 1996 2949 In
2027 2897 2133 2948 Ms.
2156 2896 2291 2947 Bud.
2317 2896 2548 2948 Flebalie.
2584 2896 2717 2948 Bro-

1488 3064 1540 3114 N
1546 3063 1710 3115 0⁹1*AE

561 3183 588 3218 Ρ
623 3177 880 3227 Honestius
930 3177 1168 3241 principes
1233 3177 1566 3239 Romanorum,
1644 3175 1770 3240 ipsse
1805 3174 2026 3240 sibyllas
2062 3145 2386 3236 Graecorum,
2408 3179 2465 3224 et
2486 3171 2721 3224 Druidas

496 3267 639 3317 quam
692 3253 1036 3302 Germanorum
1079 3252 1307 3313 foeminas
1347 3254 1568 3317 tolerari]
1646 3252 2288 3315 Gallorum,.auctoritate
2316 3251 2477 3314 longe
2507 3264 2722 3314 snpera-

495 3328 745 3379 Veledam
786 3328 1019 3393 denotat,
1055 3329 1122 3378 de
1162 3345 1264 3396 qua
1299 3330 1441 3381 Hist.
1476 3330 1565 3382 lib.
1648 3337 1789 3395 runt,
1820 3344 1918 3379 nec
1951 3329 2138 3379 eodem
2173 3335 2281 3379 tres
2319 3328 2437 3378 istoe
2482 3336 2721 3392 tempore

498 3420 574 3459 tv.
598 3410 682 3456 61.
717 3405 949 3455 Pichena.

562 3481 1165 3546 Germanorumsoeminas]
1194 3483 1451 3550 Intelligit
1466 3485 1579 3534 vir-·

496 3558 642 3624 gines
678 3559 790 3608 illas
830 3557 1092 3617 fatidicas,
1129 3573 1241 3624 quae
1280 3562 1562 3611 sanctitate

495 3650 588 3687 seu
627 3635 1016 3699 superstitione,
1056 3635 1132 3684 bis
1171 3636 1222 3684 iu
1264 3637 1560 3700 regionibus

493 3714 601 3763 late
627 3712 925 3776 pollebant;
979 3725 1138 3776 seque
1159 3709 1307 3761 bellis
1331 3720 1387 3762 et
1411 3714 1563 3764 rebus

493 3788 716 3854 publicis
749 3788 1064 3850 inserebant,
1106 3802 1202 3851 per
1246 3790 1456 3838 oracula
1499 3806 1562 3841 ac

495 3879 741 3930 responsa
763 3864 1021 3929 quaedam,
1045 3880 1161 3929 quae
1184 3866 1461 3931 propinqui
1477 3883 1562 3918 ea-

496 3955 610 3994 rum
650 3939 1036 3991 consulentibus
1075 3937 1391 4007 referebant,
1419 3945 1564 3994 velut

496 4032 565 4068 ex
586 4016 914 4068 Numinibus.

558 4093 692 4144 Tres
723 4099 843 4143 sunt
885 4092 1180 4157 hujusmodi
1225 4095 1467 4162 Virgines
1507 4098 1563 4147 in

494 4170 713 4223 historia
762 4176 923 4234 notae,
979 4171 1203 4237 Aurinia,
1273 4174 1462 4238 Veleda,
1508 4181 1566 4225 et

502 4249 699 4311 Genua,
713 4261 856 4312 quae,
877 4252 1015 4298 teste
1035 4249 1229 4312 Dione,
1249 4258 1307 4300 et
1328 4250 1442 4314 ipsa
1463 4253 1567 4302 Ro-

494 4339 634 4376 mam
653 4324 805 4375 venit
827 4332 1065 4391 tempore
1081 4325 1382 4379 Domitiani.
1406 4328 1567 4380 Certe

1646 3406 1952 3467 floruerunt,
1972 3408 2095 3456 licet
2107 3405 2220 3455 fere
2242 3405 2339 3454 sibi
2357 3405 2720 3456 succederent.

1709 3485 1931 3546 Dubito,
1966 3498 2089 3532 num
2126 3482 2434 3531 duraverint
2456 3496 2622 3546 usque
2646 3482 2716 3531 ad

1641 3562 2069 3623 Diocletianum3
2125 3561 2217 3610 sed
2262 3561 2314 3610 in
2355 3560 2535 3610 iisdem
2586 3561 2716 3610 locis

1644 3640 1908 3689 Germana
1929 3639 2135 3700 mulier,
2154 3653 2245 3687 seu
2263 3638 2457 3688 Druias
2478 3637 2718 3703 quaedam

1643 3714 1882 3778 fatidica,
1906 3716 1953 3765 ei
1986 3714 2235 3778 praedixit
2265 3713 2562 3778 imperium,
2598 3725 2719 3763 curn

1645 3808 1826 3857 aprum
1849 3791 2184 3856 confodisset.
2249 3791 2354 3840 Sed
2379 3789 2579 3840 frustra
2599 3803 2720 3840 con-

1644 3870 1947 3919 sectabatur
1967 3869 2057 3917 ille
2089 3883 2244 3932 apros
2274 3868 2326 3916 in
2351 3867 2542 3932 sylvis:
2577 3880 2718 3928 m,

1643 3946 1818 3996 occiso
1837 3946 1970 4006 viro,
1993 3945 2083 4009 qui
2107 3943 2396 3994 vocabatur
2415 3943 2584 4008 Aper,
2606 3949 2721 3993 ten·

1644 4025 1761 4075 dem
1785 4039 1955 4074 rerum
1980 4023 2174 4088 potitus
2197 4030 2280 4072 est
2306 4022 2695 4073 Diocletianus.

1708 4111 1735 4146 «Ι
1766 4102 2013 4153 Scinditur
2064 4101 2286 4152 Nabalia·
2314 4101 2539 4167 fluminis
2574 4100 2719 4165 pons]

1646 4178 1755 4230 Alii
1777 4180 1845 4229 de
1876 4180 2058 4244 Vahalc’,
2079 4178 2168 4228 alii
2189 4178 2257 4229 de
2282 4180 2427 4229 Nava
2460 4177 2622 4229 fluvio
2643 4178 2723 4227 in·

1649 4257 1914 4321 telligunt.

1708 4333 1966 4390 ‘Scinditur
2004 4370 2048 4387 ..
2070 4367 2084 4386 .
2103 4367 2117 4386 .
2148 4312 2294 4399 pons]
2345 4333 2435 4386 Sic
2473 4340 2534 4385 et
2567 4334 2735 4401 apad-
