3050 4917
493 372 670 439 3le

496 535 684 602 nulla
717 531 1048 619 cupidine,
1102 532 1222 598 sed
1266 531 1636 618 majoribus
1683 532 1925 597 vestris
1968 532 2488 614 ‘mvoeantibus‚¹²
2535 551 2723 621 quom

498 638 852 705 discordiae
880 657 1095 721 usque
1137 637 1227 701 ad
1271 637 1554 702 exitium
1597 637 2006 719 fatigabant:
2073 643 2140 701 et
2185 639 2391 702 acciti
2446 640 2723 706 anxilio.

499 742 816 808 Germani
859 741 1066 806 sociis
1094 741 1345 826 pariter
1373 746 1574 825 atque
1601 741 1907 808 hostibus
1939 742 2325 806 servitutem
2370 744 2709 827 imposne*

494 851 666 911 rant.
712 844 900 924 Quot
916 844 1170 931 praeliis
1195 845 1513 912 adversus
1538 843 1874 911 Cimbrosq
1893 845 2427 929 Teutonosque‚4
2444 856 2466 884 ¹
2492 867 2713 931 qnan-

496 950 589 1015 tis
612 948 1025 1013 exercituum
1067 956 1440 1014 nostrorum
1484 949 1849 1027 laboribus1‚
1895 966 2119 1033 quove
2153 954 2394 1014 eventu
2424 948 2710 1014 Germa·

495 1054 650 1121 nica
675 1052 854 1119 bella
879 1052 1403 1131 tractaverimus,
1431 1052 1600 1118 satis
1630 1052 1928 1117 clarum.5
2019 1048 2172 1115 Nee
2202 1048 2355 1116 ideo
2388 1050 2707 1119 Rhenum

495 1156 883 1234 insedimus„
912 1162 991 1220 nt
1010 1155 1280 1221 Italiam
1301 1159 1672 1235 tusi-eman
1720 1155 1839 1220 sed
1856 1154 2093 1238 nequis
2123 1156 2297 1219 alius
2328 1153 2714 1221 Ariovistus

500 1258 737 1342 Regno
782 1257 1154 1323 Galliarum
1197 1259 1536 1342 potiretur.
1621 1256 1733 1322 An
1776 1277 1901 1323 vos
1943 1259 2231 1322 cariores
2260 1257 2466 1337 Civili
2502 1259 2714 1323 Bata·

501 1364 746 1446 visque
773 1366 840 1425 et
866 1361 1386 1427 Transrhenanis
1431 1358 1763 1444 gentibus⁶
1791 1360 2084 1439 creditis,
2108 1380 2311 1445 quam
2339 1362 2719 1446 majoribus

501 1483 731 1531 eorum
762 1469 987 1548 patres
1016 1465 1260 1549 avique
1300 1465 1505 1530 vestri
1543 1463 1854 1528 fuerunt?
1920 1462 2175 1527 Eadem
2219 1483 2475 1548 semper
2506 1480 2723 1528 causa:

500 1567 857 1634 Germanis
902 1567 1405 1633 transcendendi
1453 1569 1522 1631 in
1552 1567 1838 1644 Gallias,
1865 1566 2076 1632 libido
2107 1571 2305 1650 atque
2334 1567 2622 1632 avaritia
2651 1570 2734 1631 et

498 1673 838 1737 mutandae
861 1671 1041 1736 ‘sedis
1072 1691 1276 1751 amor,
1303 1677 1403 1751 ut,
1432 1671 1683 1738 relictis
1716 1669 2076 1754 paludibus
2107 1673 2174 1736 et
2213 1670 2721 1736 solitudinibus⁵

1189 387 1258 435 e.
1305 383 1670 436 consumi
1730 383 1989 435 ‘rscm
2042 388 2053 402 ’
2385 391 2707 458 [mussa.

498 1861 613 1896 rum
648 1848 933 1911 Gallorum,
974 1848 1115 1898 nulla
1153 1847 1436 1900 ambitione
1476 1854 1570 1899 aut
1607 1848 1893 1910 eupiditate
1934 1847 2072 1910 moti,
2103 1847 2196 1897 sed
2228 1847 2337 1897 avis
2375 1846 2564 1897 vestris
2582 1861 2720 1911 opem

497 1913 910 1978 implorantibus,
968 1915 1020 1963 ui
1042 1913 1381 1964 seditionibus
1420 1929 1579 1979 usque
1615 1912 1680 1962 ad
1719 1912 1933 1963 ultimam
1971 1913 2255 1978 perniciem
2295 1911 2718 1962 divexabantnr:

500 1984 558 2028 et
579 1983 681 2029 tum
705 1980 876 2029 vocati
900 1994 929 2027 a
990 1981 1258 2044 suppetias
1281 1978 1518 2029 ferendas
1553 1978 1819 2041 Germani,
1851 1978 2068 2041 perinde
2107 1978 2274 2027 socios
2315 1993 2376 2027 ac
2412 1978 2592 2027 bostes
2618 1991 2723 2027 ser·

496 2043 634 2093 vitio
664 2043 987 2107 premebant.
1052 2045 1191 2094 Satis
1231 2052 1572 2107 cunipertum,
1614 2050 1739 2107 quot
1779 2043 2151 2092 certaminibus
2191 2043 2436 2093 adversus
2475 2042 2719 2093 Cimbros

495 2107 885 2174 Teutonosque,
923 2109 1127 2174 quantis
1162 2109 1426 2159 laboribus
1459 2115 1753 2158 nostrarum
1779 2109 2054 2171 legionum,
2077 2113 2133 2158 et
2171 2123 2272 2174 qno
2307 2122 2553 2158 successu
2577 2108 2723 2157 bella

498 2172 809 2223 Germanica
852 2175 1179 2238 gesserimus.
1244 2175 1361 2224 Nec
1398 2180 1680 2237 propterea
1722 2174 1957 2223 Rhenum
1999 2174 2383 2236 occupavimus,
2403 2180 2462 2222 ut
2501 2173 2721 2235 ltaliam

498 2237 931 2300 defenderemus;
984 2239 1076 2289 sed
1097 2254 1163 2288 ne
1200 2240 1315 2304 quis
1340 2238 1467 2288 alius
1493 2238 1782 2289 Ariovistus
1808 2239 2077 2298 imperium
2103 2239 2390 2289 Galliarum
2425 2238 2722 2289 invaderet.

497 2302 582 2366 An
615 2303 927 2353 existimatis
948 2304 1114 2369 majus
1137 2320 1232 2353 esse
1256 2304 1416 2355 vestri
1441 2303 1668 2356 studium
1693 2304 1844 2354 Civili
1868 2305 2190 2369 Batavisque
2215 2309 2270 2353 et
2306 2303 2724 2354 Transrhenanis

497 2368 705 2433 populis
741 2385 895 2434 quam
923 2370 1030 2431 suit
1059 2368 1341 2433 majoribus
1379 2370 1589 2419 illorum
1631 2384 1756 2432 erga
1777 2377 1952 2432 patres
1976 2385 2201 2434 avosque
2223 2375 2420 2419 vestros
2445 2369 2465 2417 ?
2516 2365 2728 2428 Eadem'

498 2447 704 2496 semper
727 2435 860 2484 ratio
896 2435 1169 2484 Germanis
1190 2433 1297 2494 suit
1330 2434 1509 2499 eritque
1543 2434 1930 2485 transmittendi
1960 2434 2011 2483 in
2047 2436 2262 2493 Gallias,
2300 2434 2507 2483 luxuria
2531 2434 2642 2484 scil.
2665 2437 2728 2484 et‘

497 2499 769 2563 praedandi
802 2500 1009 2564 cupido,
1029 2507 1084 2552 et
1106 2500 1262 2550 ardor
1299 2501 1562 2550 mutandae
1588 2500 1790 2564 patriae,
1823 2507 1900 2563 ut,
1934 2498 2136 2550 omissis
2173 2500 2370 2565 stagnis
2403 2506 2459 2549 et
2488 2499 2723 2550 desertis

1438 2629 1768 2651 OOOOMW

499 2716 655 2768 Corb.
675 2722 817 2780 atque
838 2718 1079 2767 mala-*³
1112 2718 1220 2768 ΜΒ.
1242 2718 1471 2769 Budens.
1504 2719 1919 2771 estimatum-4
1953 2720 2087 2770 Mss.
2121 2719 2255 2784 Reg.
2295 2725 2350 2770 et
2370 2717 2504 2786 Agr.
2528 2723 2586 2768 et
2610 2717 2724 2768 edi·

495 2782 572 2834 tio
612 2782 875 2846 princeps,
925 2783 1353 2847 Teutonesquee-es
1389 2783 1451 2834 In
1484 2786 1616 2834 Mss.
1657 2785 1829 2836 Vatic.
1871 2789 2017 2837 1863.
2053 2786 2185 2849 Reg.
2223 2784 2352 2847 Agr.
2391 2790 2448 2833 et
2486 2782 2724 2833 editione

497 2847 751 2912 principe,
769 2849 889 2896 satis
907 2850 1074 2897 claret.
1106 2849 1337 2899 Verbum
1374 2849 1659 2913 poeticum,
1699 2866 1800 2916 qno
1839 2851 2111 2901 Lucretius
2147 2849 2339 2914 aliique
2358 2849 2438 2898 usi
2457 2854 2618 2910 sunt3
2667 2854 2726 2898 et

498 2927 600 2978 quo
637 2911 778 2963 forte
801 2927 897 2963 nec
925 2914 1036 2978 ipse
1057 2912 1275 2965 Tacitus
1296 2913 1560 2967 abstinuit.
1594 2915 1909 2968 Μαίη-6
1944 2915 2180 2972 Gentibus
2212 2916 2359 2966 abest
2383 2930 2415 2964 a
2431 2915 2538 2965 Ms.
2557 2913 2722 2965 Corb-

1489 3093 1705 3146 No'rAE

1218 3219 1568 3285 invocantibus]

500 3298 727 3361 Nempe,
786 3297 1033 3347 adversus
1087 3299 1394 3363 Germanos,
1436 3313 1571 3363 quos

562 3225 589 3259 Ρ
624 3218 886 3281 Major-ibus
971 3221 1144 3270 vestris
1711 3226 1733 3254 ²
1769 3222 2022 3286 Teutonos]
2069 3218 2259 3286 Populi
2280 3218 2646 3271 scandinaviae
2667 3221 2726 3271 in

1647 3297 1929 3348 Germanis
1961 3313 2149 3361 magna
2168 3296 2234 3347 ad
2260 3296 2681 3361 septentrionem
2704 3313 2722 3347 ε

494 3374 701 3439 eJecere
726 3374 946 3424 Romani
980 3390 1010 3425 e
1050 3376 1242 3427 Gallia.
1308 3377 1467 3426 Certe
1488 3377 1571 3427 iili

494 3450 763 3501 servitium
802 3451 1015 3501 servitio
1052 3451 1389 3518 depulerunt,
1419 3454 1437 3482 ‘
1460 3468 1567 3503 ma-

494 3528 574 3590 gis
606 3527 695 3576 alii
731 3527 987 3592 homines,
1030 3544 1184 3595 quam
1223 3530 1313 3579 alii
1355 3530 1566 3580 mores?

495 3604 562 3654 In
586 3604 753 3655 locum
777 3605 1151 3658 Germanorum
1171 3608 1436 3659 substituti
1462 3610 1567 3659 Ro-

481 3683 655 3745 'mani,
678 3683 768 3748 qui
790 3683 949 3733 etiam
990 3684 1153 3734 Gallis
1193 3684 1346 3734 sociis
1368 3686 1566 3749 pariter

495 3765 654 3824 atque
689 3760 919 3809 hostibus
958 3761 1268 3814 servitutem
1312 3761 1565 3825 imposue-

499 3840 643 3899 runt,
666 3842 726 3884 ut
747 3835 822 3885 fit.

447 3925 462 3934 ·
563 3922 589 3956 ¹1
614 3914 848 3980 Cimbros]
878 3914 1075 3965 Cimbri
1092 3915 1271 3979 populi
1291 3915 1569 3966 Cimbrice

498 3989 834 4053 Chersonesi,
858 3991 911 4039 in
947 3992 1233 4041 Germania
1270 4007 1476 4057 magna,
1499 3994 1568 4042 ad

500 4065 771 4117 Oceanum
812 4067 1203 4131 Germanicum,
1238 4078 1295 4119 et
1334 4070 1401 4119 ad
1415 4066 1569 4120 hiare

498 4143 771 4194 Saevieum
793 4159 806 4193 ε
854 4143 1007 4193 bodie
1028 4146 1303 4209 Ιαὲῑαηάία,
1327 4149 1567 4209 peninsw

497 4220 553 4270 la
586 4227 642 4270 et
679 4220 844 4284 maJor
865 4234 987 4284 pars
1017 4221 1163 4287 regui
1185 4222 1394 4273 Daniae.
1464 4224 1566 4274 Til-

497 4297 746 4348 lemnius.

1645 3375 1799 3424 hodie
1840 3375 2022 3425 insulae
2068 3374 2214 3438 regni
2251 3375 2464 3437 Daniae,
2520 3374 2737 3425 Dum&

1644 3453 1810 3502 marck
1823 3467 1865 3510 ς·
1892 3451 2030 3501 inter
2051 3450 2379 3504 Jutiandiam
2397 3449 2727 3515 peninsulam

1646 3536 1702 3580 et
1724 3529 2092 3580 Gothlandiam
2116 3529 2396 3593 regionem.
2436 3530 2685 3579 Tillenos.
2716 3545 2721 3553 ’

1708 3613 1730 3639 ·
1759 3606 1965 3655 Relictis
1993 3604 2245 3669 paludibus
2276 3610 2338 3654 et·
2363 3603 2727 3669 solitudivnibu]

1646 3682 1729 3732 Sie
1746 3682 1836 3733 lib.
1859 3682 1926 3732 de
1944 3697 2076 3732 mor.
2095 3681 2274 3732 Germ.
2294 3686 2345 3732 2.
2379 3681 2395 3710 ‘
2411 3681 2542 3734 Quis
2561 3695 2723 3746 porro

1645 3767 1840 3824 preter
1880 3755 2169 3824 perieulum
2210 3758 2408 3821 horridi
2450 3770 2507 3808 et
2550 3756 2723 3823 ignoti

1644 3836 1818 3898 maris,
1843 3837 1968 3887 Asia
2008 3843 2099 3887 aut
2120 3835 2302 3887 Africa
2335 3843 2425 3886 aunt
2458 3835 2617 3885 Italia
2638 3848 2723 3885 re·

1642 3913 1785 3974 licta,
1821 3913 2154 3964 Germaniam
2195 3919 2420 3978 peteret,
2440 3911 2718 3962 informem

1644 3990 1815 4052 terris,
1851 4003 2088 4052 asperam
2126 3991 2281 4053 coelo,
2316 3989 2522 4038 tristem
2564 3988 2721 4038 enlm

1646 4073 1985 4132 aspectuque,
2006 4066 2101 4116 nisi
2136 4067 2179 4116 si
2203 4066 2376 4131 patria
2397 4066 2503 4115 sit!
2559 4066 2630 4115 Et
2663 4078 2720 4115 e.

1643 4148 1694 4193 6.
1765 4148 1780 4171 ‘
1805 4144 1975 4193 Terra
1997 4145 2096 4194 etsi
2119 4144 2384 4210 aliquanto
2407 4142 2586 4207 speeie
2612 4139 2721 4191 dif-

1643 4219 1766 4283 fert,
1792 4222 1845 4272 in
1881 4222 2176 4274 universum
2212 4229 2387 4272 tamen
2425 4226 2518 4271 aut
2555 4216 2715 4286 sylvis

1642 4294 1858 4352 nonium
1880 4305 1975 4352 sut
1996 4297 2276 4364 paludibus
2296 4295 2475 4354 fedo-⁹,
