3050 4917
1035 342 1567 399 ntswomAnvu
1616 345 1767 397 mn.
1813 346 1918 398 IV.

360 345 418 403 .ι.
436 346 507 405 γιι.
522 346 683 423 φιτ.
2390 333 2574 417 m
2599 400 2619 409 γ.

364 488 689 557 comitatu
727 494 817 557 et·
837 491 1123 575 superbo
1151 504 1305 556 cum
1350 492 1652 577 imperio,
1683 494 1948 558 venire?
1969 491 1998 533 ⁶
2025 492 2217 560 tradi
2264 514 2342 562 se
2382 495 2571 567 Prae'-¹

360 592 555 661 fectis
585 591 1227 679 Centurionibusque
1246 601 1303 652 :⁷
1352 614 1522 678 quos
1551 596 1665 660 ubi
1694 594 1931 680 spoliis
1966 603 2033 661 et
2083 600 2398 680 sanguine
2447 620 2572 668 ex-

362 696 717 781 pleverint,
742 697 1006 775 mutari,
1035 696 1457 781 exquirique⁸
1490 714 1706 763 novos
1736 699 1927 763 sinus
1953 706 2021 764 et
2046 701 2235 765 varia
2268 704 2575 787 praedan-

361 799 434 881 di
464 801 819 867 vocabula.
913 799 1168 865 Instare
1223 799 1572 879 delectum,
1618 820 1752 886 quo
1808 801 1998 867 liberi
2058 808 2106 868 a'
2156 807 2564 890 parentibuS,

361 902 600 971 fratres
632 924 674 969 a
703 904 1035 983 fratribuS‚
1066 904 1249 969 velut
1290 923 1670 987 supremum
1714 903 2118 972 dividantur.
2211 908 2572 995 Nunquam

362 1008 580 1090 magis
608 1005 924 1077 afflictam
953 1025 1090 1071 rem
1121 1005 1532 1086 Romanam,
1558 1028 1679 1072 nec
1711 1008 1895 1073 aliud
1919 1009 1988 1074 in
2011 1010 2342 1095 hybernis,
2365 1033 2569 1099 quam

359 1110 665 1195 praedam
690 1118 757 1176 et
786 1129 1025 1175 senes:
1070 1109 1446 1174 attollerent
1476 1115 1729 1175 tantum
1751 1111 1987 1177 oculos
2009 1117 2077 1177 et
2106 1114 2333 1180 inania
2357 1102 2568 1199 legio·

360 1234 525 1283 num
552 1215 850 1280 nomina¹
873 1234 952 1279 ne
983 1218 1439 1299 pavescerent.
1506 1211 1643 1278 At⁹
1670 1214 1803 1279 sibi
1827 1216 2024 1280 robur
2053 1216 2346 1300 peditum
2376 1221 2574 1305 equi-

358 1369 656 1456 importuno
680 1408 801 1442 sane
824 1400 1073 1458 apparatu
1099 1399 1155 1443 et
1193 1392 1454 1458 arroganti
1497 1391 1752 1456 imperio?
1816 1392 1884 1442 Se
1917 1393 2149 1458 permitti
2176 1409 2263 1458 per
2281 1400 2565 1448 omentum

360 1456 625 1536 prefectis
647 1467 702 1509 et
722 1459 1144 1521 centurionibus·
1177 1472 1304 1524 quos
1338 1458 1429 1508 ubi
1471 1460 1647 1523 praeda
1678 1466 1735 1509 et
1757 1472 1941 1509 cruore
1965 1460 2290 1524 satiaverint,
2311 1462 2438 1511 alios
2472 1464 2572 1512 im»

360 1522 522 1587 mitti,
542 1531 598 1573 et
618 1523 855 1588 indagari
878 1538 1036 1573 novos
1056 1525 1212 1584 sinus,
1236 1530 1291 1573 et
1308 1522 1517 1573 diversa
1542 1523 1774 1587 rapiendi
1799 1524 2020 1573 nomina.
2087 1525 2367 1575 Imminere
2391 1527 2563 1579 delec-

360 1595 493 1651 tum,
515 1605 616 1653 qao
641 1591 782 1639 velut
805 1597 1096 1639 extremum
1120 1600 1427 1665 separentur
1450 1586 1543 1637 tilii
1587 1603 1617 1638 a
1656 1584 1974 1653 parentibus,
1994 1587 2184 1639 fratres
2229 1605 2260 1639 a
2296 1590 2562 1644 fratribus.

361 1654 640 1718 Nunquam
657 1655 831 1732 magis
851 1655 1152 1704 exhaustum
1175 1653 1611 1719 attritumquem
1542 1654 1611 1703 im
1629 1654 1816 1768 ⁰etium
1838 1655 1982 1705 Rom.
2008 1668 2104 1704 nec
2130 1654 2305 1705 aliud
2292 1671 2346 1705 ιιι
2370 1657 2573 1722 castris,

361 1734 517 1795 quam
538 1718 706 1785 spolia
727 1728 783 1770 et
819 1734 1002 1769 senes:
1039 1720 1301 1783 erigerent
1340 1721 1557 1768 solutum
1629 1712 1896 1782 occulos,
1916 1725 1973 1768 et
2004 1733 2071 1768 ne
2107 1727 2404 1772 metuerent
2435 1737 2569 1773 vana

360 1784 622 1851 legionum
645 1785 913 1837 vocabula.
980 1784 1194 1835 Habere
1217 1799 1271 1834 se
1291 1785 1458 1835 lectos
1482 1783 1688 1849 pedites
1713 1783 2053 1851 equitesque,
2075 1793 2326 1850 cognatos·
2349 1787 2564 1838 Germa·

1294 1931 1440 1952 ‘0000
1441 1931 1467 1950 Ι
1471 1931 1614 1951 ‘0060
1620 1932 1648 1951 O

362 1978 615 2077 Idem—6
646 2028 775 2078 Mas.
798 2037 855 2079 et
892 2034 1097 2079 veteres
1134 2028 1410 2090 editiones,
1431 2030 1614 2106 quando
1634 2030 1678 2078 le
1950 2028 2177 2078 ‚ueniret
2209 2027 2347 2093 quod
2384 2027 2571 2092 probat

362 2091 446 2142 Gl.
472 2093 753 2155 Erneetus3
787 2102 842 2143 et
862 2097 1048 2158 quande
1068 2108 1164 2158 pro
1185 2095 1355 2159 quippe
1385 2094 1600 2157 accipit.
1718 2101 1743 2144 t
1778 2093 2036 2159 quomodo
2070 2100 2195 2143 tunc
2236 2092 2413 2155 stabit,
2429 2094 2573 2156 grad

362 2158 556 2221 quadem
572 2159 837 2213 comeatu?
903 2158 1239 2209 Redundabit
1260 2161 1459 2223 quidem,
1482 2159 1618 2224 quod
1643 2166 1817 2209 tamen
1840 2158 2034 2209 habent
2053 2158 2171 2209 libri
2188 2173 2383 2209 omnes.
2431 2158 2577 2208 Prae-

366 2228 517 2273 terea
534 2223 598 2272 ad
617 2225 843 2274 Batavos
861 2240 960 2274 non
997 2223 1338 2274 mittebantur
1377 2224 1557 2288 legati,
1595 2223 1689 2274 sed
1728 2222 1968 2289 praefecti
2008 2230 2064 2274 et
2105 2223 2452 2286 centuriones,
2485 2224 2576 2289 qni

366 2288 632 2340 delectum
655 2298 890 2365 agerent.
958 2290 1072 2340 Nec
1098 2291 1271 2355 placet
1297 2290 1621 2339 Davanzati.
1656 2290 1741 2339 ‘E
1776 2296 1968 2354 quanto
2002 2290 2044 2338 si
2081 2295 2218 2339 stara
2255 2288 2468 2338 aveder
2491 2303 2579 2340 ve·

363 2354 476 2404 nire
501 2370 567 2403 ιιιι
592 2348 783 2419 iegato
784 2370 878 2404 con
901 2356 1022 2419 quel
1048 2356 1203 2418 lungo
1226 2354 1436 2418 codazo,
1460 2370 1489 2404 e
1512 2354 1734 2418 superbo
1759 2353 2041 2418 imperio?
2108 2355 2173 2404 In
2215 2355 2317 2403 Ms.
2351 2355 2484 2419 Reg.
2517 2362 2577 2405 et

365 2419 596 2470 editione
620 2420 874 2485 principe,
895 2423 1121 2484 quendum
1151 2421 1282 2484 tegat
1284 2436 1401 2470 u.m
1469 2420 1700 2469 .vem‘re.·
1733 2420 1832 2469 Ms.
1875 2418 1961 2483 Ag
1963 2435 2005 2469 r.
2028 2421 2212 2483 quando
2250 2420 2497 2481 legatum.

364 2485 528 2535 venire
542 2501 728 2555 pur-um.
795 2486 949 2539 Quod
982 2486 1190 2536 minime
1214 2485 1594 2547 Cornelianum,
1612 2486 1737 2534 licet
1773 2485 1971 2548 Ryckio
2014 2484 2310 2548 probatum.
2364 2484 2581 2536 Brotier.

365 2554 463 2598 ——7
501 2544 625 2614 Qube,
644 2552 796 2601 abest
817 2567 849 2600 a
872 2553 997 2601 Mss.
1018 2552 1173 2601 Bodl.
1194 2550 1303 2602 Jes.
1318 2560 1373 2600 et
1396 2550 1621 2601 Budens.
1670 2549 1911 2599 Secunda
1932 2564 2085 2600 manu
2118 2548 2353 2598 additum
2389 2548 2441 2599 in
2468 2549 2575 2600 Ms.

365 2615 502 2666 Harl
507 2586 625 2667 .—8'
652 2616 749 2666 Ed.
771 2633 850 2680 pr.
874 2632 1022 2680 exeqa
1070 2631 1145 2666 ue.
1148 2621 1245 2665 -9
1295 2615 1564 2665 Brotierus
1587 2630 1704 2664 cum
1729 2615 1935 2678 Ryckio
1958 2623 2013 2665 et
2037 2615 2267 2664 Gronov.
2292 2613 2460 2662 edidit
2481 2604 2578 2675 esq'e

365 2680 461 2730 sibi
495 2682 675 2743 roban-,-
708 2682 892 2732 omisso
915 2686 985 2732 at.
1024 2632 1163 2742 Zone,
1188 2681 1334 2732 abest
1359 2695 1389 2729 a
1413 2681 1540 2732 Mss.
1565 2681 1702 2731 Flor.
1731 2679 1866 2744 Reg.
1908 2680 2064 2730 Corb.
2087 2678 2217 2744 Agr.
2254 2686 2311 2728 et
2351 2677 2576 2728 editione

364 2745 623 2813 principe.
690 2747 753 2798 In
772 2747 876 2798 Ma.
893 2747 1033 2798 Flor.
1057 2745 1284 2797 secunda
1303 2760 1473 2812 manu,
1492 2753 1544 2797 at
1583 2745 1676 2796 sibi
1716 2745 1877 2810 robur,
1898 2744 2036 2812 quod
2059 2753 2114 2795 et
2150 2746 2364 2811 Bipont.
2387 2744 2576 2810 recipi·

1350 2905 1564 2961 NOTAE

364 3025 581 3085 preter:
615 3020 717 3085 En,
752 3035 913 3087 usque
950 3036 1016 3073 eo
1036 3021 1162 3073 viles
1183 3021 1427 3073 Romanis

366 3111 563 3161 sumus,
607 3102 667 3147 ut
702 3112 803 3147 non
840 3099 1002 3164 legati
1050 3104 1141 3150 ant
1178 3106 1427 3165 praetore·

366 3174 550 3226 saltem
587 3189 679 3249 nos
717 3175 1001 3241 diripiant;
1037 3175 1091 3226 id
1115 3184 1214 3240 est,
1247 3178 1429 3228 hones-

368 3251 561 3305 tiorum
604 3253 839 3304 manibus
882 3269 1187 3320 pereamus;
1221 3256 1313 3306 sed
1356 3258 1429 3307 la·

367 3331 596 3379 truncuii
636 3331 833 3397 aliquot
869 3332 1073 3396 minuti,
1102 3331 1340 3398 praefecti
1371 3341 1430 3386 et

367 3407 736 3459 centuriones?
768 3409 975 3473 Lipsius.

433 3483 655 3534 'luania
670 3485 908 3547 leg-ionum
918 3485 1128 3549 munina]
1160 3487 1278 3538 Hoc
1300 3494 1428 3538 tem·

366 3574 498 3649 ,γε
533 3575 626 3611 sex
648 3559 861 3612 fuerunt
893 3564 1121 3628 legiones
1157 3579 1260 3616 non
1297 3566 1429 3616 inte-

365 3652 498 3703 με,
530 3646 623 3690 aut
663 3640 830 3703 potius
869 3641 1106 3704 legionum
1139 3643 1347 3706 nomina,
1368 3651 1429 3694 ut

362 3714 453 3772 hic
480 3725 748 3766 vocantur.
787 3717 854 3768 In
877 3719 1130 3782 superiori
1146 3720 1429 3772 Germania

369 3790 440 3841 ad
460 3792 855 3857 Magantiacum
897 3793 1047 3856 duae;
1079 3802 1247 3859 qum-tu
1269 3797 1430 3848 Muce-

365 3869 553 3932 dom‘cu,
574 3879 630 3920 et
655 3870 1016 3933 octavadecima,
1052 3873 1202 3935 alias,
1218 3874 1427 3924 duoetvi-

363 3947 554 4012 muna,
597 3957 788 4014 praeter
830 3954 952 4000 octo
989 3950 1302 4002 Batavorum
1342 3966 1427 4004 co-

433 4101 500 4151 In
523 4102 807 4152 Germania
829 4102 1059 4153 inferiori
1099 4104 1167 4154 ad
1196 4106 1428 4156 Bonnam

361 4176 526 4244 prinu
545 4177 703 4240 legio,-
739 4186 796 4226 et
817 4176 956 4229 infra
976 4180 1212 4232 Bonnam
1235 4181 1301 4230 ad
1319 4182 1430 4233 No-

369 4257 568 4311 vesium
589 4260 1034 4321 amadeo-impet
1069 4260 1228 4326 paulo
1248 4272 1429 4313 versus

1508 3019 1648 3071 illam
1672 3027 1873 3085 partem
1891 3019 2095 3086 longius
2109 3019 2174 3070 ad
2188 3019 2404 3081 Vetera,
2411 3016 2578 3081 φιίιιιι

1509 3104 1565 3148 et
1579 3098 1926 3163 quintadecima
1934 3114 1955 3157 ;
1969 3098 2241 3162 utriusque
2259 3096 2389 3146 duce
2405 3095 2580 3153 Mum·

1506 3177 1615 3226 mio
1638 3178 1889 3241 Luperco.
1944 3177 2172 3227 Ultimas
2193 3174 2319 3225 duas
2347 3175 2446 3224 hoc
2466 3172 2578 3223 bel-

1507 3254 1614 3303 lum
1638 3254 1845 3318 penitus
1866 3259 2241 3317 consumserat,
2255 3253 2443 3304 castris
2466 3252 2576 3303 solo

1506 3331 1742 3396 aequatis.
1793 3330 2032 3382 Tacitus.

1574 3407 1907 3458 Sextudecima
1927 3413 1984 3458 et
2000 3406 2159 3472 prima
2191 3411 2310 3470 post
2335 3404 2581 3457 Hordeo-

1506 3485 1582 3535 nii
1624 3493 1842 3536 mortem
1880 3491 2070 3549 sponte
2093 3498 2187 3534 sua
2207 3498 2263 3534 se
2284 3497 2575 3534 sacramen-

1508 3571 1566 3615 to
1589 3563 1821 3619 hostibus
1845 3564 2194 3625 obsti-iuxere,
2235 3568 2394 3626 atque
2416 3575 2483 3612 ex
2517 3562 2577 3613 il-

1506 3641 1673 3691 lorum
1718 3640 1932 3691 arbitrio
1980 3640 2239 3689 Treveros
2305 3635 2576 3701 submota,

1509 3717 1648 3769 unde
1685 3733 1776 3768 sua
1817 3725 2004 3783 sponte
2023 3713 2450 3765 Mediomatricos
2483 3728 2574 3779 pe-

1507 3797 1739 3857 tierunt;
1772 3802 1929 3861 atque
1969 3793 2094 3844 inde
2125 3794 2312 3843 accitae
2334 3806 2368 3842 a
2388 3792 2577 3865 Cereaf

1507 3873 1577 3937 le,
1591 3873 1642 3923 iu
1667 3872 1883 3937 gratiam
1902 3869 2190 3920 redierunt.

1574 3949 1771 4000 Eodem
1786 3957 2043 4013 tempore,
2056 3960 2169 4012 quae
2187 3944 2574 4008 Mos-intimum

1513 4028 1784 4090 tenebant,
1822 4026 2051 4091 legiones
2094 4025 2233 4085 dun,
2267 4022 2578 4083 transierunt

1510 4106 1567 4155 in
1606 4111 1782 4170 partes
1827 4111 1984 4155 autea
2027 4103 2280 4165 inimicas,
2308 4105 2365 4150 et
2399 4114 2578 4165 ,neque

1508 4189 1712 4232 mutare
1753 4182 1927 4232 locum
1951 4181 2115 4244 jussae
2154 4184 2293 4240 sunt,
2316 4176 2410 4226 sed
2453 4189 2573 4240 qnae

1509 4264 1634 4325 post
1659 4258 1891 4311 Cerea&
1914 4258 2197 4323 adventum
2226 4253 2296 4305 ad
2319 4253 2578 4306 nomm»
