3050 4917
393 362 452 417 s.
480 364 539 418 0.
563 361 674 427 τα]
1114 355 1644 408 ms'ronmnuu
1695 357 1854 409 mu.
1893 358 1994 409 iv.
2429 342 2604 414 3111

402 509 424 544 ‘
445 525 720 589 pergere
767 503 855 569 ad
905 497 1239 569 obSessos'
1259 504 1477 589 jubet,
1509 506 1827 571 ‘.veuiam
1873 509 2307 585 ostentanteS,
2334 507 2395 571 si
2435 530 2607 592 prae-

398 612 611 674 sentia
659 612 1116 693 sequerentur:
1164 608 1350 673 aliter
1392 608 1557 672 nihil
1606 610 1789 692 spei:
1834 608 2074 673 famem
2121 607 2494 694 ferrumque
2539 618 2607 677 et

399 717 702 777 extrema
730 710 1099 796 passuros?
1182 709 1539 796 Adjecere,
1568 714 1687 796 qui
1731 712 1925 777 missi
1972 717 2177 790 erant,
2221 715 2604 797 exemplum

396 833 613 880 suum.
883 836 890 841 ·
983 855 990 860 ὴ

480 920 589 984 60.
636 918 973 992 Obsessos
1027 919 1181 984 hinc
1238 918 1431 996 fideS,
1494 917 1642 984 inde
1698 923 1978 1001 egestaS,
2035 917 2203 982 inter
2260 918 2469 984 decus
2515 939 2599 987 ac

391 1021 713 1105 flagitium
780 1022 1251 1088 distrahebant.
1375 1019 1863 1088 cunctantibus
1937 1020 2136 1085 ‘solita
2198 1021 2598 1108 insolitaque

393 1124 706 1191 alimenta
763 1124 1074 1207 deerant3
1120 1125 1446 1190 absumtis
1488 1123 1807 1208 jumentis
1860 1124 2186 1207 equisque
2245 1129 2309 1187 et
2363 1126 2600 1191 ceteris

395 1228 812 1308 animalibuS,
840 1248 993 1318 quse
1031 1228 1321 1316 profana
1350 1228 1664 1312 foedaque
1714 1228 1785 1291 in
1827 1246 2024 1291 usum
2066 1229 2432 1292 necessitas
2452 1249 2598 1293 ver-

392 1329 495 1395 tit.
559 1330 1253 1417 Virgultatpostremo
1284 1337 1352 1398 et
1382 1333 1633 1415 stirpes
1655 1335 1723 1395 et
1751 1332 2111 1396 internatas
2135 1331 2331 1396 saxis
2355 1332 2597 1424 herbas

390 1432 727 1512 vellenteS,
804 1434 1218 1500 miseriarum
1294 1420 1771 1521 patientiaeque
1853 1433 2315 1499 documentum
2373 1433 2594 1501 fuere:

390 1533 610 1602 donec
658 1538 984 1622 egregiam
1039 1537 1304 1626 laudem
1351 1539 1479 1603 fine
1535 1539 1714 1621 turpi
1766 1538 2186 1612 macularent,
2237 1536 2466 1601 missis
2511 1536 2599 1602 ad

389 1635 672 1703 Civilem
721 1640 982 1723 legatiS,
1014 1645 1034 1675 ‘
1061 1641 1282 1706 vitam’
1313 1646 1613 1726 orantes.
1706 1639 1948 1725 Neque
1999 1646 2150 1705 ante
2196 1658 2431 1722 preces
2475 1640 2596 1705 ad-

385 1739 637 1822 missae,
684 1764 886 1827 quam
940 1745 1009 1808 in
1048 1745 1252 1809 verba
1280 1743 1654 1810 Galliarum
1702 1743 2018 1832 jurarent.
2106 1741 2305 1820 Tum,
2350 1747 2594 1826 pactus

389 1849 409 1879 ‘
438 1845 763 1929 praedam¹
804 1845 1212 1926 castrorum,’
1240 1847 1356 1912 dat
1397 1846 1740 1926 custodes,
1767 1847 1881 1930 qui
1901 1846 2277 1931 pecuniam,
2302 1846 2593 1930 calones,

385 1948 712 2014 sarcinas‘
754 1954 1171 2029 retentarent,
1227 1970 1308 2016 ac
1337 1953 1456 2036 qui
1502 1951 1693 2036 ipsos
1738 1952 1953 2017 leves²
1997 1948 2334 2014 abeuntes
2361 1968 2595 2033 prose-

387 2044 757 2138 querentur.
841 2049 959 2119 vAd
999 2054 1301 2139 quintum
1342 2054 1474 2121 fere
1530 2054 1821 2140 lapidem
1868 2054 2079 2119 coorti
2129 2051 2448 2118 Germani
2493 2052 2595 2116 in-

385 2160 653 2222 cautum
702 2177 939 2242 agmen
992 2158 1481 2244 aggrediuntur.
1571 2158 2121 2243 Pugnacissimus
2169 2156 2456 2245 quisque
2516 2156 2590 2221 in

379 2338 577 2399 rentes,
604 2334 649 2384 si
673 2335 1017 2398 praesentibus
1039 2336 1321 2390 cederent:
1356 2351 1505 2388 secus
1528 2336 1657 2388 nihil
1679 2342 1981 2400 sperarent:
2016 2334 2263 2400 inopiam,
2298 2334 2517 2399 eaedem,
2540 2339 2598 2387 et

381 2398 572 2449 ultima
587 2414 846 2464 passuros.
912 2402 1210 2467 Adiunaeere,
1226 2403 1306 2468 qui
1326 2403 1536 2465 iterant,
1566 2403 1792 2452 imitandi
1810 2416 1860 2451 se
1878 2400 2143 2451 consilium.

457 2465 793 2515 circumsessos
814 2466 925 2517 hinc
961 2468 1247 2531 constantia,
1282 2467 1391 2517 hinc
1410 2467 1574 2529 fames
1607 2467 1909 2528 diducebant,
1940 2467 2067 2515 inter
2083 2465 2287 2528 gloriam
2308 2480 2363 2515 ac
2381 2466 2598 2516 dedecus.

381 2528 734 2581 Dubitantibus
773 2538 911 2582 sueta
950 2532 1228 2598 insuetaque
1261 2532 1444 2583 cibaria
1485 2536 1682 2583 deerant
1693 2548 1713 2594 ,·
1747 2531 1985 2582 devoratis
2001 2529 2233 2591 jumentis
2273 2535 2322 2579 et
2365 2530 2513 2596 equis,
2547 2538 2597 2583 et

382 2596 553 2645 ceteris
572 2597 909 2661 animantibus,
923 2599 1045 2662 'quas
1082 2599 1296 2663 impuras
1333 2599 1590 2663 impiasque
1623 2597 1680 2647 in
1715 2597 1991 2647 alimentum
2031 2595 2129 2645 cibi
2150 2596 2313 2659 inopia
2345 2596 2601 2649 convertit.

387 2660 606 2725 Denique
628 2662 838 2722 frutices
855 2663 1149 2727 surculosque
1170 2669 1218 2713 et
1243 2664 1444 2728 radices,
1464 2668 1513 2713 et
1556 2665 1802 2714 internata
1829 2661 2064 2726 lapidibus
2097 2662 2320 2723 gramina
2361 2667 2598 2725 mentes,

382 2737 706 2778 arumnorum
725 2734 776 2778 et
797 2729 1063 2780 tolerantia:
1079 2731 1344 2793 exemplum
1361 2729 1603 2794 prebuere
1618 2745 1635 2779 .·
1668 2731 1810 2779 donec
1833 2727 2059 2777 eximiam
2076 2726 2283 2789 gloriam
2302 2725 2437 2786 foedo
2459 2728 2599 2779 exitu

376 2792 659 2856 polluerent,
678 2793 838 2845 misses
855 2795 920 2843 ad
943 2794 1148 2844 Civilem
1168 2795 1449 2860 oratoribus,
1484 2795 1702 2845 salutem
1740 2798 1979 2857 rogantes.
2047 2792 2150 2841 Nee
2164 2791 2307 2855 prius
2337 2792 2599 2855 approbata

381 2864 506 2918 ,εωιῐ
525 2858 778 2923 desideria,
814 2874 953 2924 quam
988 2862 1298 2923 adigerentur
1328 2866 1622 2924 sacramento
1661 2858 1949 2909 Galliarum.
2020 2858 2156 2917 Tum,
2179 2862 2320 2919 pacto
2358 2857 2601 2909 vindicata

380 2920 475 2969 sibi
508 2922 689 2987 praeda
710 2925 1021 2989 castrorum,
1044 2926 1222 2975 Civilis
1243 2928 1445 3003 apponit
1470 2927 1699 2989 custodes,
1721 2925 1799 2989 qui
1818 2925 2079 2974 retinerent
2098 2922 2361 2987 pecuniam,
2381 2922 2523 2983 lixas,
2545 2930 2594 2975 et

375 2985 736 3051 impedimenta,
754 2994 801 3039 et
823 2989 949 3054 ipsos
971 2990 1215 3055 expeditos
1234 2992 1556 3053 digredientes
1564 2992 1867 3040 deducerent.
1934 2990 2014 3039 Ad
2035 2990 2250 3052 quintum
2259 2987 2374 3048 fere
2393 2990 2601 3040 milliare
2630 2989 2636 2995 ’

379 3055 713 3117 consurgentes
736 3055 990 3121 Germanii,
1010 3056 1332 3121 inopinantem
1352 3057 1553 3106 militem
1589 3056 1886 3106 adoriuntur.
1950 3054 2314 3105 :strenuissimus
2332 3054 2522 3118 quisque
2543 3055 2597 3104 in
2629 3067 2639 3080 ‘

1301 3180 1627 3208 OOOOOOOOOOO
1632 3186 1659 3205 O

411 3286 472 3331 -1
507 3281 634 3333 Mss.
657 3280 814 3333 Bodl.
838 3284 951 3337 Jes.
982 3286 1266 3349 preda—2
1288 3283 1375 3333 Its
1410 3284 1709 3350 Rhenanus,
1749 3286 2000 3335 Ernestns
2039 3290 2097 3335 et
2117 3284 2451 3336 recentiores.
2490 3285 2595 3335 Ms.

378 3345 509 3411 Agr.
533 3352 591 3398 et
627 3349 880 3414 Ryckius‚
918 3364 1039 3399 cum
1077 3350 1291 3414 Bipont.
1328 3355 1377 3399 et
1398 3350 1499 3413 qui.
1566 3351 1694 3402 Μαι.
1718 3351 1860 3401 Flor.
1881 3350 2019 3414 Reg.
2061 3356 2120 3400 et
2140 3350 2305 3402 editio
2330 3351 2574 3414 princeps

310 3445 314 3449 »
376 3418 432 3462 at
453 3413 570 3476 qui:
597 3415 734 3464 unde
776 3414 1009 3466 Pichena
1030 3415 1345 3479 emendavit,
1362 3421 1503 3479 atque
1535 3415 1677 3480 ipsos.
1743 3417 1872 3466 Mss.
1894 3415 2045 3466 Harl.
2069 3415 2222 3466 Bodl.
2253 3415 2363 3466 Jes.
2410 3386 2596 3466 Gueltf

374 3484 432 3527 et
455 3478 794 3541 puteolanae,
814 3485 902 3530 aut
922 3481 1019 3544 qui.
1052 3480 1286 3531 Gronov·
1322 3485 1464 3544 atque
1493 3481 1592 3545 qui.
1658 3481 1806 3531 Leues
1828 3480 2061 3546 Ryckius
2083 3487 2141 3532 et
2165 3482 2416 3530 Ernestus
2443 3480 2594 3531 intel-

374 3540 545 3619 ligunt
570 3543 634 3594 de
656 3546 958 3596 custodibus
992 3545 1123 3597 levis
1147 3549 1445 3596 armaturae.
1515 3546 1673 3600 Quod
1697 3547 1773 3597 sie
1812 3545 2065 3611 explicari
2104 3546 2187 3595 vix
2228 3546 2428 3612 patitur
2450 3545 2590 3596 Lati-

375 3614 531 3661 nitas.
597 3609 746 3661 Leues
767 3611 1029 3675 dicuntur,
1048 3612 1185 3677 quod
1204 3612 1349 3677 prius
1374 3609 1584 3661 fuerant
1607 3612 1836 3677 spoliati.
1898 3612 2112 3662 Brotier.

1377 3778 1592 3830 NOTAE

377 3902 408 3927 .,-
434 3882 457 3909 ·
496 3871 746 3940 Vin-culta]
796 3879 1046 3942 vertunt,
1070 3883 1234 3944 pastos
1274 3878 1440 3941 foliis,-
1523 3878 1653 3929 nes?
1692 3878 1796 3929 Vel
1820 3877 1944 3945 quia
1967 3877 2104 3928 servi
2128 3883 2182 3927 et
2197 3874 2457 3940 mancipia
2482 3875 2585 3925 Ro·

374 3955 469 4005 sed
509 3954 564 4004 in
606 3955 861 4021 virgultis,
914 3962 1111 4021 praeter
1143 3956 1286 4022 folia,
1316 3962 1438 4008 sunt
1519 3969 1826 4015 manorum:
1859 3954 2020 4004 velut
2059 3953 2114 4002 in
2147 3951 2456 4003 servitutem
2495 3952 2586 4003 eos

363 4032 524 4097 vellis
559 4039 634 4088 ,et
684 4034 1006 4085 summitates
1053 4040 1269 4098 tenerae,
1307 4050 1434 4101 quas
1515 4031 1618 4081 sibi
1654 4035 1967 4093 assererent,
2005 4034 2099 4079 aut
2122 4028 2447 4091 venderent3
2501 4029 2588 4078 vel

370 4109 615 4168 amdere
636 4111 819 4162 misere
842 4116 1127 4176 potuerunt
1156 4112 1261 4163 ritu
1280 4126 1434 4177 peco-
1515 4109 1641 4175 quia
1661 4108 1876 4158 sarcinas
1911 4106 2230 4168 retinebant,
2265 4104 2469 4170 ideoet
2508 4120 2586 4155 ca·

370 4202 503 4242 mnu.
621 4217 626 4242 2
1389 4237 1394 4242 .
1515 4190 1643 4240 lones
1664 4187 1741 4237 bis
1760 4184 2008 4237 vehendis
2031 4184 2373 4236 retinuerunt.

434 4265 459 4301 ἴ
487 4264 702 4334 came,
730 4267 961 4334 meisa,
993 4239 1104 4333 lfa]
1134 4267 1242 4320 Cur
1285 4266 1435 4322 Calo-
