3050 4917
537 393 718 470 2930
1173 407 1319 461 ⁴fe.
1359 393 1724 460 mnrium
1768 404 2029 458 ’uem
2424 407 2520 476 [A.
2544 409 2746 465 οισι.
2796 487 2801 492 .

545 552 852 628 Claudio·
891 543 1081 623 foret.
1168 550 1373 633 Quin,
1413 547 1495 616 'ut
1527 535 1867 615 censuram
1898 539 2129 635 patrie,
2156 537 2232 615 ‘ut'
2256 554 2393 615 tres
2421 548 2747 616 Confflla-

542 639 680 742 tuS,
730 665 804 725 ut
845 665 944 725 tot
985 657 1260 741 egregiae
1279 641 1542 720 'domus
1571 650 1875 719 honoresf
1907 654 2245 732 deceret‚¹0
2286 654 2759 741 desperatique

543 765 776 831 saltem
818 764 887 827 in
936 749 1284 825 audaciam
1331 758 1818 840 accingeretur:
1868 762 2157 841 perstare
2199 759 2494 835 militem,
2523 773 2748 841 snper-

541 885 696 933 esse
753 864 975 931 studia
1028 861 1284 947 populi.
1399 859 1704 943 Denique
1762 859 1927 925 nihil
1996 861 2290 925 atrocius
2343 867 2758 939 eventurum,
2795 845 2799 850 ⁹

546 988 751 1056 quam
778 970 847 1035 in
881 966 1064 1052 quod
1092 959 1327 1052 sponte
1355 969 1551 1029 ruant
1568 972 1615 1029 ι*
1656 964 2064 1029 moriendum
2094 964 2311 1043 victiS,
2339 963 2751 1030 moriendum

548 1159 609 1207 ut
644 1168 862 1207 censura
894 1153 1075 1218 patris,
1106 1157 1167 1202 ut
1206 1150 1372 1202 tribus
1412 1150 1787 1213 consulatibus,
1820 1156 1880 1201 ut
1918 1155 1998 1200 tot
2019 1148 2220 1199 eximiae
2244 1145 2453 1198 familie
2477 1145 2758 1212 nonoribus

548 1215 764 1284 dignum
783 1225 939 1282 esset,
960 1218 1180 1281 abrupta
1203 1216 1341 1267 omni
1359 1231 1472 1281 spe,
1487 1231 1609 1265 nunc
1626 1217 1809 1266 saltem
1835 1214 1899 1265 ad
1919 1216 2260 1265 constantiam
2285 1214 2608 1276 erigeretur:
2644 1225 2760 1275 per-

547 1298 787 1336 severare
824 1284 1059 1349 militem,
1097 1295 1366 1346 superesse
1400 1280 1631 1331 favorem
1667 1281 1851 1346 plebis.
1918 1280 2143 1330 Demum
2176 1279 2303 1328 nihil
2336 1278 2455 1341 ipsis
2493 1276 2759 1327 crudelius

550 1349 852 1414 contingere
884 1363 1057 1415 posse,
1076 1362 1230 1415 quam
1248 1347 1301 1398 ia
1320 1347 1376 1398 in
1397 1346 1537 1414 quod
1559 1347 1695 1397 ultro
1719 1359 1775 1396 se
1799 1346 2151 1411 praecipitent.
2216 1342 2553 1394 Pereundum
2586 1341 2771 1406 victis,-

1471 1493 1560 1513 00¹0
1565 1492 1710 1513 OO‘OO
1716 1492 1833 1512 ‘050

443 1595 454 1604 '
547 1559 917 1657 spiritum—10
949 1591 1092 1642 Male
1123 1585 1253 1641 Mss.
1278 1591 1411 1658 Reg.
1436 1591 1592 1643 Corb.
1625 1599 1682 1643 et
1720 1591 1883 1642 editio
1959 1591 2180 1655 rinceps,
2210 1592 2422 1654 degeret.
2486 1587 2597 1639 Ms.
2625 1586 2767 1653 Agr«

551 1657 832 1724 negligeret,
854 1658 936 1724 [et
957 1657 1032 1708 sic
1049 1655 1323 1721 Ryckius.]
1389 1657 1680 1724 Perperam
1706 1664 1879 1724 tentat
1937 1672 2016 1708 ac.
2040 1653 2351 1723 Gronovius,
2370 1656 2564 1706 deleret.
2629 1654 2768 1708 Bro-

1551 1857 1764 1909 No'l’AE

553 1987 678 2041 lium
702 1994 906 2054 patrem
927 1986 1124 2038 Vitellii
1145 1986 1414 2053 principis.
1458 1987 1619 2037 Forte
1700 1987 1991 2050 Vitellium,
2036 1990 2282 2051 tanquam
2338 1982 2499 2048 stirpe
2550 1978 2771 2032 nobilio-

553 2082 673 2118 cum
691 2067 744 2117 in
761 2065 927 2130 gratia
940 2064 1180 2129 flagranti
1192 2064 1331 2130 apud
1342 2065 1620 2115 Claudium
1701 2082 1828 2131 rem,
1864 2074 1920 2116 et
1958 2065 2110 2116 avitis
2146 2063 2332 2129 opibus
2368 2064 2525 2126 longe
2548 2060 2771 2127 praecel-

555 2149 695 2194 esset
715 2144 777 2194 L.
800 2143 1066 2207 Vitellius,
1097 2143 1272 2208 potuit
1292 2149 1400 2192 tum
1422 2144 1619 2208 Vespa·
1700 2143 1912 2194 lentem.

554 2221 728 2270 sianus
761 2219 900 2270 inter
929 2220 1147 2270 clientes
1180 2219 1317 2269 illius
1338 2222 1618 2285 accenseri,

554 2302 649 2345 aut
670 2295 746 2346 sic
762 2294 1031 2358 appellari,
1049 2301 1105 2345 ut
1126 2296 1224 2346 hoc
1246 2296 1389 2346 loco:
1427 2302 1484 2347 et
1506 2311 1617 2346 cer·

554 2369 610 2423 'te
635 2378 744 2422 tum
769 2372 1015 2437 temporis
1033 2374 1186 2436 longe
1207 2371 1423 2423 inferior
1444 2374 1506 2424 L.
1527 2376 1616 2425 vi-

556 2449 701 2501 tellio
738 2448 840 2501 fuit
872 2450 1041 2514 gratia
1072 2456 1128 2501 et
1156 2450 1466 2501 auctoritate
1490 2452 1618 2504 Ves-

554 2527 814 2593 pasianus.

618 2605 725 2657 Sed
759 2606 912 2670 longe
954 2606 1179 2658 maxime
1217 2601 1485 2676 nitebatur
1527 2607 1617 2657 ine

555 2683 727 2747 gratia
765 2690 850 2735 ets
863 2682 1094 2733 amicitia
1142 2684 1376 2733 Narcissi
1422 2684 1617 2735 liberti.

553 2759 798 2824 Hincque
820 2760 1023 2823 legatus
1059 2757 1162 2809 fuit
1198 2757 1439 2810 secundm
1461 2760 1619 2824 legio-

551 2837 629 2886 nis
650 2836 703 2887 in
726 2837 1017 2899 Britannia,
1043 2837 1164 2887 hinc
1198 2843 1271 2887 et.
1290 2839 1620 2901 triumphalia

552 2912 762 2975 meruit,
791 2912 901 2976 jam
935 2914 1101 2976 ipsum
1124 2912 1519 2964 ostendentibus
1539 2914 1617 2965 fa-

555 2988 640 3052 tis,
661 2989 789 3039 licet
808 2987 957 3040 initio
980 2988 1209 3039 modicus
1233 2990 1512 3042 ambitione
1538 3007 1617 3042 es-

553 3070 655 3126 set,
674 3070 734 3115 ut
750 3069 808 3114 et
822 3064 1028 3128 opibus,
1043 3073 1177 3116 teste
1194 3067 1337 3117 Suet.
1356 3072 1404 3118 2.
1436 3069 1453 3098 ‘
1472 3070 1616 3119 Sum-

553 3150 611 3192 ta
643 3145 768 3206 toga
808 3141 946 3191 virili
986 3143 1149 3192 latum
1191 3143 1413 3204 clavum,
1456 3160 1618 3210 quan-

554 3234 707 3285 quam
723 3217 885 3268 fratre
906 3217 1118 3282 adepto,
1130 3219 1221 3270 diu
1238 3229 1499 3290 aversatus
1514 3231 1614 3273 est.

553 3296 673 3347 Nec
710 3302 771 3345 ut
799 3294 1009 3343 tandem
1050 3300 1346 3359 appeteret,
1378 3300 1618 3362 compelli

547 3372 652 3424 nisi
685 3388 715 3422 a
745 3376 911 3421 matre
951 3371 1141 3434 potuit.
1207 3372 1286 3421 Ea
1302 3371 1504 3423 demum
1529 3390 1618 3426 ex.

453 3495 460 3500 .
552 3449 694 3502 tudit
721 3448 887 3512 magis
918 3442 1173 3511 convicio,
1206 3462 1353 3512 quam
1377 3452 1617 3514 precibus

549 3527 637 3577 vel
657 3526 990 3587 auctoritate,
1024 3523 1146 3574 dum
1169 3539 1304 3588 eum,
1326 3526 1615 3579 identidem
1644 3583 1652 3598 Ι

455 3639 464 3644 -
551 3605 648 3668 per
664 3600 1032 3652 contumeliam
1045 3602 1494 3656 anteambulonem
1510 3604 1616 3655 fra-

551 3679 647 3729 tris
670 3675 936 3741 appellat?

559 3785 566 3792 ·
624 3752 842 3804 Vitellius
891 3753 1057 3816 cliens]
1111 3755 1217 3804 Sed
1260 3757 1617 3821 Vespasianus

548 3828 651 3879 fuit
672 3829 870 3879 meliori
892 3828 995 3879 fide
1018 3831 1179 3881 eliens
1204 3835 1455 3893 Narcissi,
1477 3842 1538 3885 ut
1559 3841 1617 3884 et

547 3905 663 3969 ipse
697 3905 761 3956 L.
780 3905 1021 3956 Vitellius
1057 3916 1228 3971 pater,
1261 3910 1348 3973 qui
1381 3910 1617 3960 Narcissi

550 3987 608 4031 et
646 3981 899 4033 Pallantis
933 3984 1182 4047 imagines
1223 3999 1425 4046 aureas,
1465 3986 1614 4049 quasi

549 4060 697 4114 Deos
719 4058 965 4123 Penates,
989 4063 1126 4111 inter
1146 4063 1307 4111 Lares
1331 4070 1388 4111 et
1405 4063 1456 4110 in
1475 4062 1615 4112 cubi-

549 4136 666 4186 culo
686 4151 777 4186 suo
797 4138 978 4200 coluit,
999 4145 1133 4188 teste
1150 4138 1415 4187 Suetonio.

623 4213 805 4264 Vitellii
824 4214 990 4277 cliens]
1037 4215 1156 4266 Quo
1194 4214 1418 4263 maxime
1455 4229 1612 4278 auge-

548 4288 705 4342 batur
723 4281 1002 4341 ‘aemulatio
1021 4289 1328 4355 Vespa-'iani
1362 4288 1610 4340 adversus

1764 2226 1786 2251 θ
1822 2219 2015 2282 Collega
2051 2218 2274 2282 Claudio]
2320 2218 2535 2269 Sueton.
2567 2215 2680 2268 vit.
2719 2220 2773 2267 2.

1699 2297 1866 2347 ‘Mox
1904 2312 2023 2347 cum
2066 2296 2288 2346 Claudio
2334 2294 2591 2359 principe,
2636 2292 2769 2343 duos

1697 2372 1910 2440 insuper
1930 2373 2215 2423 ordinarios
2238 2374 2558 2435 consulatus,
2583 2363 2773 2446 censu·¹

1695 2465 1909 2516 tamque
1946 2451 2126 2515 gessit.
2194 2450 2382 2501 Curam
2428 2438 2641 2514 quoque'
2677 2448 2772 2498 im-

1697 2527 1832 2593 perii
1851 2528 2116 2591 sustinuit,
2137 2526 2355 2577 absente
2380 2541 2462 2590 eo,
2492 2520 2769 2590 [Claudio]

1697 2603 2031 2668 expeditione
2054 2602 2394 2653 Britannica!

1764 2677 1788 2710 ¹
1810 2680 2051 2744 Honores]
2096 2679 2245 2729 Inter
2279 2694 2406 2744 quos
2443 2679 2769 2743 praecipuum

1698 2757 1859 2809 decus
1879 2758 1996 2824 fuit,
2033 2759 2172 2824 quod
2212 2760 2274 2810 L.
2308 2758 2573 2821 Vitellios,
2610 2753 2772 2823 'pater

1697 2836 1967 2901 principis,
1991 2838 2095 2887 suis
2124 2836 2353 2888 consiliis
2378 2849 2576 2901 suaque
2598 2835 2774 2886 indus-

1672 2912 1802 2962 ·tria
1838 2914 2098 2978 coegisset
2136 2928 2314 2986 regem
2349 2914 2672 2964 Parthorum
2701 2911 2769 2990 ad

1695 2990 1990 3039 veneranda
2028 2991 2177 3054 signa
2215 2991 2476 3054 legionum
2514 2992 2670 3043 Rom.
2714 2994 2773 3040 et

1697 3064 1942 3129 imagines
1964 3066 2182 3116 Caesaris
2202 3066 2256 3115 in
2281 3066 2524 3116 Oriente.
2756 3121 2762 3126 ,

1762 3149 1788 3184 t
1824 3143 1885 3191 In
1905 3147 2027 3206 quod
2043 3148 2206 3207 sponte
2226 3143 2395 3206 nant]
2431 3143 2632 3207 Sponte
2656 3157 2773 3193 rue-

1695 3217 1823 3267 bant
1843 3219 1893 3267 in
1918 3219 2151 3282 exitium,
2172 3234 2289 3269 cum
2309 3227 2497 3282 sponte
2530 3234 2588 3270 se
2610 3219 2771 3270 dede·

1697 3300 1811 3343 rent
1847 3294 2002 3357 hosti,
2040 3310 2157 3345 cum
2196 3294 2411 3344 arbitrio
2456 3294 2674 3345 victoris
2709 3307 2768 3344 se

1696 3370 2096 3434 permitterent:
2156 3372 2172 3400 ‘
2205 3371 2387 3421 Fidem
2440 3370 2495 3420 in
2550 3370 2766 3421 libidine

1696 3447 1943 3498 victoris)
2280 3488 2285 3492 .
2762 3455 2769 3494 ·.

1706 3557 1715 3563 ·
1761 3523 2090 3576 Moriendum
2110 3523 2226 3586 fuit,
2247 3524 2360 3576 sive
2398 3541 2459 3575 se
2490 3525 2765 3589 dederent,

1696 3599 1806 3649 sive
1827 3601 2158 3650 vincerentur
2176 3602 2379 3665 praelio.
2446 3600 2525 3651 At
2545 3602 2648 3662 boc
2667 3602 2767 3652 diu

1696 3678 1894 3727 crimen
1927 3693 2039 3728 esse
2075 3679 2215 3728 inter
2252 3684 2530 3745 utrumque
2553 3679 2765 3742 exitum,

1698 3753 1835 3819 quod
1876 3755 1920 3803 si
1957 3769 2013 3804 se
2051 3755 2420 3817 permitterent
2460 3756 2629 3819 hosti,.
2648 3769 2764 3820 per·

1697 3829 1920 3880 eundum
1938 3829 2042 3880 fuit
2076 3845 2166 3894 per
2186 3830 2443 3881 ludibrium
2466 3836 2514 3881 et
2535 3836 2766 3882 contume-

1693 3906 1803 3957 lias.

1760 3982 1912 4035 Quod
1953 3992 2099 4034 certe
2138 3984 2361 4048 contigit
2390 3984 2631 4048 Vitellio,
2668 3984 2765 4036 fra-

1696 4060 1866 4125 trique
1889 4069 1945 4111 et
1968 4061 2094 4111 filio.
2142 4064 2217 4112 At
2238 4063 2282 4111 si
2303 4062 2493 4127 praelio
2516 4063 2762 4127 perirent,

1587 4168 1615 4179 ,.
1685 4135 1801 4204 jain
1814 4152 1901 4201 per
1920 4137 2167 4195 virtatem,
2194 4146 2251 4189 et
2271 4138 2420 4190 velut
2440 4139 2497 4190 in
2516 4140 2637 4193 sinu
2659 4141 2763 4205 glo·

1690 4211 1786 4263 nie
1804 4214 2021 4279 sepeliri
2038 4213 2371 4269 videbantur·
2422 4224 2427 4228 ’
2480 4253 2489 4260 .
