3050 4917
477 412 668 506 ³⁰0⁰

489 572 698 640 ιίῑὶιιίιέ·ι
719 577 786 639 et
810 574 1012 660 jussu
1042 568 1600 657 Magisnatuum:
1623 577 1648 605 ⁸
1688 571 2128 656 querebatur:
2176 574 2198 605 ‘
2226 587 2350 637 nee
2379 571 2580 636 finem
2604 561 2703 636 inss

482 676 688 762 jurise
742 676 850 743 hic
892 677 1195 743 stetisse:
1243 664 1248 668 ’
1281 676 1623 759 planctum
1682 680 1748 738 et
1788 668 2095 739 lamenta‘
2143 676 2210 737 et
2249 689 2702 758 supremorum

488 778 845 863 imaginem
874 778 1196 864 proesenti
1226 778 1359 842 sibi
1388 775 1797 843 circumdata
1826 795 1975 841 cum
2006 777 2425 842 contumeliis
2455 781 2525 840 et
2552 793 2706 858 pro·

490 880 658 960 bris,
691 882 850 968 quae‘
887 885 957 947 in
986 881 1306 947 Senatum
1329 883 1741 994 universum⁸
1759 879 2174 966 jacerentur'.'
2261 878 2543 956 Vocati,
2584 876 2704 961 qui

1196 428 1263 476 0.
1310 424 1681 475 comum-1
1728 425 1990 474 'nom
2369 431 2465 498 [A.
2489 431 2697 485 ἶλαι

494 1080 711 1132 civitate
753 1082 991 1144 Senensi,
1025 1082 1078 1131 in
1118 1080 1370 1131 concione
1408 1080 1613 1145 populi,
1651 1084 1708 1129 et
1744 1077 1990 1129 mandato
2028 1076 2446 1127 duumviratum.
2499 1091 2599 1126 nec
2635 1074 2711 1130 ibi

493 1147 859 1197 contumeliam
884 1117 1130 1206 desiisse:
1177 1147 1260 1195 sed
1298 1146 1519 1209 ejulatus
1557 1152 1612 1194 et
1651 1145 1878 1194 lamenta
1895 1150 1951 1194 et
1975 1141 2174 1192 funeris
2196 1158 2277 1192 seu
2299 1143 2609 1205 exequiarum
2643 1133 2712 1189 si-

490 1212 772 1261 mulacrum
796 1212 989 1262 astanti
1010 1210 1107 1261 sibi
1135 1210 1333 1260 circum
1366 1210 1674 1260 adumbrata
1706 1223 1805 1258 esse
1840 1223 1960 1258 cum
1994 1207 2245 1257 conviciis
2263 1215 2321 1257 et
2344 1206 2580 1282 injuriis,
2590 1217 2709 1269 qnos

489 1276 547 1326 in
566 1275 758 1326 Patres
782 1290 958 1329 omnes
993 1274 1415 1350 refunderentur.
1479 1275 1747 1341 Appelluti,
1775 1274 1856 1340 qui
1892 1272 2249 1324 accusabam.
2317 1273 2406 1337 Et,
2432 1270 2711 1335 cognitione

1415 1437 1444 1457 O
1449 1434 1774 1456 mestum&

489 1495 770 1571 centiores.
836 1520 901 1571 In
937 1521 1433 1576 Mss.Vatic.1968.
1469 1527 1524 1572 et
1555 1521 1673 1573 ὗσε.
1691 1519 1958 1572 Patricius.

490 1586 590 1638 iius
618 1586 798 1635 ordinis
828 1592 1111 1638 senatorum.
1175 1588 1517 1651 Puteolanus,
1554 1587 1800 1637 Patricius
1830 1585 2010 1637 ordinis
2043 1585 2287 1636 senatorii.
2354 1584 2419 1634 In
2442 1584 2548 1633 Ms.
2574 1581 2710 1646 Agr.

487 1650 693 1699 Mallius
715 1650 971 1700 Patr-nitus
989 1656 1195 1702 senator.
1233 1653 1476 1703 ‘Frustra
1510 1652 1718 1729 Lipsius
1751 1658 1946 1712 tentat,
1985 1650 2443 1707 Patruinns51icet
2481 1649 2534 1697 in
2571 1661 2713 1696 mar·

493 1714 613 1777 gine
648 1715 1133 1767 Ms.Vatic.1968.
1173 1716 1408 1768 additum
1442 1718 1531 1778 sit,
1565 1718 1700 1781 patri
1732 1730 1867 1767 ιιιιιιι.
1930 1686 2160 1766 ’Brotien
2161 1719 2259 1764 —2
2288 1714 2377 1764 Sic
2413 1714 2547 1764 bene
2580 1712 2714 1762 Μαι.

488 1779 665 1829 Vatic.
686 1784 830 1830 1958.
857 1780 1003 1831 Harl.
1027 1782 1181 1833 Bodl.
1202 1782 1314 1834 ὗσε.
1336 1789 1392 1833 et
1414 1782 1732 1832 Puteolanus
1750 1782 1945 1832 habent
1966 1780 2204 1840 Seniensi,
2227 1787 2283 1830 et
2305 1793 2426 1828 mox
2448 1776 2589 1827 infra
2621 1775 2715 1826 Se-

488 1843 749 1902 niensinm5
783 1852 838 1894 et
870 1846 945 1894 sic
983 1848 1211 1911 Ryckius
1250 1855 1307 1897 et
1339 1847 1571 1897 Gronov.
1640 1847 1704 1895 In
1727 1847 1832 1896 Ms.
1857 1847 1989 1909 Reg.
2012 1853 2067 1894 et
2089 1815 2319 1894 editione
2338 1840 2713 1907 principe,Se-

490 1909 714 1958 mensiet
733 1909 1039 1961 Semensium
1104 1913 1170 1963 In
1193 1914 1321 1963 Mss.
1338 1913 1512 1963 Vatic.
1539 1916 1686 1962 1863.
1707 1911 1865 1962 Corb.
1892 1917 1948 1960 et
1965 1910 2278 1960 editionibus
2303 1907 2714 1971 tecentioribus,

489 1967 706 2024 Seniensi
728 1981 784 2025 et
803 1975 1115 2032 Seniensium.
1180 1979 1507 2028 Memor-atur
1529 1977 1736 2043 quidem
1760 1973 1899 2040 apud
1922 1976 2224 2039 Gruterum,
2247 1990 2298 2040 p.
2322 1977 2438 2023 372.
2462 1988 2515 2022 n.
2538 1976 2590 2022 7.

1313 2072 1471 2109 ΡΒΕΒ.
1521 2069 1877 2108 snnmnslvm.

489 2132 568 2183 At
589 2135 836 2198 oppidum
855 2137 984 2188 illud
1005 2138 1178 2201 Senia,
1198 2154 1335 2189 nunc
1357 2139 1534 2201 Segne,
1569 2137 1708 2187 fnit'
1695 2151 1753 2186 ιιι
1767 2137 2064 2187 Dalmatia:
2099 2134 2220 2186 vide
2244 2134 2492 2195 Plinium,
2511 2146 2602 2183 111.
2619 2135 2712 2181 21.

491 2197 598 2248 Hic
616 2213 742 2250 vero
763 2202 934 2265 agitur
955 2202 1023 2253 de
1045 2204 1249 2253 colonia
1267 2204 1501 2264 Senensi,
1523 2217 1661 2251 nunc
1684 2202 1879 2263 Sienne,
1901 2201 1968 2251 de
1985 2215 2090 2279 qua
2110 2198 2329 2261 Plinius,
2344 2212 2435 2248 ιιι.
2458 2204 2509 2247 5.
2564 2197 2714 2246 Intus

492 2264 724 2315 colonie·
823 2267 1093 2318 .Senensis.
1161 2269 1383 2337 Reperit
1418 2267 1626 2337 quidem
1663 2266 2000 2319 Harduinus
1986 2281 2038 2316 ιιι
2062 2266 2193 2317 Mss.
2215 2264 2394 2329 Plinii,
2414 2262 2717 2330 Senienses·
2696 2295 2716 2319 ,

2024 1520 2154 1571 Mss.
2179 1519 2332 1571 Harl.
2354 1517 2512 1569 Bodl.
2536 1514 2712 1566 Petri-

1462 2424 1686 2476 NOTAE

556 2556 579 2583 ⁰
611 2550 862 2601 Pul-satum
903 2567 953 2602 se
986 2554 1039 2604 in
1079 2553 1301 2619 colonia]
1338 2517 1554 2605 Grande
1636 2553 1900 2604 tumeliam
1923 2551 2088 2603 fuisse
2109 2549 2204 2616 ipsi
2227 2546 2456 2615 proesenti
2494 2543 2713 2609 publice

488 2627 674 2693 priscis
721 2629 822 2679 illis
865 2630 1094 2681 moribus
1134 2632 1350 2682 crimen.
1415 2633 1556 2682 Nam

488 2718 590 2754 nec
611 2706 846 2756 convicio
866 2713 1162 2759 senatorem
1192 2721 1476 2773 aspergere
1495 2708 1554 2756 li·

490 2779 647 2830 cebat
669 2781 897 2846 impune.

554 2857 819 2909 Arnobins
855 2861 890 2910 l.
931 2873 1007 2912 xv.
1056 2861 1074 2889 ‘
1096 2862 1462 2927 Magistratum
1498 2862 1554 2912 in

485 2932 719 2984 ordinem
740 2935 998 3001 redigere,
1014 2945 1309 2988 senatorem
1330 2945 1423 2988 aut
1433 2952 1555 2992 coul-

475 3009 623 3061 'vicio
648 3015 909 3082 prosequi,
924 3016 1029 3065 suis
1051 3031 1168 3066 esse
1190 3016 1444 3067 decrestis
1462 3030 1554 3082 pe-

488 3086 912 3139 riculosissimum
935 3090 1137 3154 poenis.’

551 3162 821 3214 Salvianus
844 3166 879 3216 l.
900 3179 971 3215 vr.
1002 3169 1018 3195 ‘
1042 3166 1307 3218 illustrem
1328 3182 1390 3217 ac
1424 3181 1553 3231 prae·

489 3244 763 3306 potentem
781 3242 946 3292 virum
978 3257 1299 3309 nequaquam
1328 3245 1554 3295 exhono-

485 3316 592 3366 rari
615 3331 647 3365 a
669 3333 928 3384 quoquam
950 3320 1109 3382 lit-eu
1143 3327 1199 3372 et
1217 3321 1261 3371 si
1283 3323 1554 3388 quisquam

374 3386 381 3392 ’
475 3397 911 3463 exhonoraverit,
921 3398 1147 3450 decretis
1164 3400 1416 3465 legalibus
1436 3415 1553 3451 reus

480 3473 712 3536 sistitur,
734 3480 791 3524 et
810 3476 1052 3540 injuriam
1075 3482 1254 3528 auctor
1264 3478 1387 3542 jure
1410 3477 1554 3528 dam-

486 3556 659 3600 natur.
664 3551 678 3571 '
729 3550 935 3616 Lipsius.

556 3627 754 3676 Colonia
784 3627 1004 3718 Senensi]
1054 3628 1193 3679 Sena
1222 3628 1384 3692 Julia,
1426 3599 1551 3680 urbs

486 3702 716 3753 Etruriae
766 3705 988 3768 regionis
1035 3705 1089 3755 in
1141 3705 1331 3756 Italia:
1394 3705 1550 3756 hodie

485 3776 646 3841 Siene,
678 3779 799 3829 urbs
833 3780 942 3843 agri
986 3781 1225 3832 Senensis
1261 3782 1316 3831 in
1354 3781 1550 3832 ducatu

483 3855 755 3906 Toscanae.
807 3857 1135 3908 Tillemonius.

548 3929 573 3964 ‘¹
612 3933 751 3982 Coetu
808 3932 1151 3997 multitudinis]
1225 3933 1548 4004 Crediderim

483 4008 642 4058 fuisse
680 4011 937 4073 pulsatum
970 4011 1025 4059 in
1064 4017 1224 4080 coetu,
1256 4017 1313 4059 et
1335 4025 1367 4059 a
1390 4019 1552 4075 coetu,

482 4086 853 4152 multitudinis3
906 4087 1065 4151 idque
1120 4088 1447 4137 assentiente.
1494 4094 1552 4139 et

484 4164 830 4228 approbante,
851 4169 908 4213 et
921 4163 1084 4214 veluti
1092 4163 1315 4227 jubente
1338 4175 1401 4215 ea
1422 4165 1550 4216 mul-

484 4240 726 4303 titudine,
762 4255 855 4311 seu
876 4241 1030 4305 plebe
1052 4240 1290 4291 Senensi:
1331 4241 1547 4308 quippe,

1635 2631 2035 2694 circumdatam,
2070 2645 2132 2681 ac
2175 2633 2314 2680 coetu
2356 2625 2709 2691 persultante,

1633 2707 1915 2772 querebatur
1936 2707 2181 2758 Manlius.

1697 2790 1722 2817 θ
1749 2786 1898 2835 Jessu
1919 2780 2322 2847 magistratum]
2369 2776 2709 2829 Decus-iones

1632 2859 1896 2926 intelligit.

1698 2935 1722 2968 f
1736 2939 1992 2987 Planctus:
2012 2940 2062 2986 et
2082 2932 2309 2996 umente]
2332 2930 2415 2981 An
2428 2883 2709 3000 Senenses,

1631 3014 1860 3064 lasciviae
1899 3019 2072 3075 causa,
2088 3012 2153 3061 iis
2188 3008 2376 3059 similia
2411 3007 2463 3056 in
2501 3005 2710 3056 Manlio

1633 3093 1820 3155 lusere,
1875 3105 1990 3157 quoe
2031 3087 2285 3154 Apuleius
2339 3085 2394 3133 in
2431 3082 2709 3132 Thessalia

1632 3183 1816 3235 passus
1854 3173 1956 3232 est,
2005 3167 2127 3215 dum
2162 3164 2294 3214 risus
2328 3159 2706 3211 anniversarius

1633 3246 1744 3297 dies
1768 3243 2098 3296 celebratur?

1629 3475 1722 3525 sibi
1738 3476 2045 3539 circumdata,
2061 3474 2227 3522 lusum
2247 3472 2475 3535 sapiunt,
2491 3469 2595 3533 'quo
2614 3467 2705 3516 ille

1632 3552 1799 3616 vivus,
1835 3557 1895 3602 ut
1931 3550 2041 3601 vita
2071 3548 2300 3612 functus,
2322 3562 2363 3597 e
2385 3540 2725 3596 senensibus,

1630 3630 1839 3680 habitus
1861 3630 1946 3681 sit.
2012 3629 2220 3679 Saliner.

1691 3713 1719 3749 ⁸
1753 3705 1875 3761 Quae
1907 3705 1961 3755 in
1987 3698 2524 3764 Senntnmuniversum]
2574 3698 2699 3749 Non

1628 3782 1767 3847 quod
1807 3787 2045 3832 senatum
2085 3782 2233 3831 Rom.
2272 3776 2492 3843 praecise
2525 3783 2584 3827 et
2621 3775 2700 3825 di·

1627 3865 1777 3909 recte
1795 3858 2145 3918 lacesserent:
2191 3854 2245 3906 id
2270 3855 2407 3905 enim
2425 3853 2697 3914 audacius,

1627 3950 1781 4001 quam
1819 3935 1874 3984 in
1922 3933 2231 3984 decuriones
2269 3938 2325 3983 et
2361 3930 2696 3995 magistratus

1633 4013 1972 4080 municipales
1995 4009 2185 4071 cadat:
2219 4009 2308 4058 sed
2328 4008 2449 4074 qnia
2467 4006 2698 4057 senatori

1627 4087 1956 4141 inferebatur
1992 4088 2085 4138 illa
2122 4084 2453 4146 contumelia,
2471 4098 2575 4133 non
2604 4096 2695 4148 po·

1630 4163 1733 4216 tuit
1753 4163 1884 4229 fieri,
1905 4164 2030 4230 quin
2067 4161 2216 4213 simul
2252 4160 2409 4210 etiam
2449 4157 2694 4208 refunde-

1627 4246 1772 4291 retur
1808 4240 1860 4291 id
1893 4238 2180 4290 convicium
2217 4238 2270 4287 in
2310 4243 2567 4301 senatum,
2603 4242 2692 4306 aut

471 4317 604 4380 jussu
624 4318 1005 4382 magistratuum,
1040 4316 1175 4369 hauc
1198 4330 1402 4370 omnem
1423 4330 1546 4370 con·
1623 4319 1808 4372 saltem
1829 4318 1882 4369 id
1906 4315 2056 4385 queri
2089 4315 2272 4368 debuit
2302 4316 2530 4392 Manlius
2550 4313 2691 4392 apud
