3050 4917
500 395 678 475 2838
1186 415 1253 473 c.
1299 419 1662 472 connum!
1708 419 1968 471 nei-rr

501 565 661 651 vagi
716 586 836 651 per
862 564 1036 645 vias,
1065 566 1136 630 in
1185 565 1494 631 domibus
1554 566 1792 646 abditi,
1818 585 2060 652 pacem
2114 585 2203 632 ne
2263 572 2401 634 tum
2444 568 2715 653 quidem

504 670 801 747 orabant,
836 689 992 734 cum
1020 670 1264 734 bellum
1301 672 1711 754 posuissent.
1802 670 2134 735 Primores
2188 675 2574 736 castrorum‘
2599 692 2718 737 no·

503 769 657 839 men
704 780 907 857 atque
958 773 1607 858 imaginestitellii
1638 776 2077 839 amoliuntur:
2124 779 2396 838 catenas
2425 772 2718 841 Caecinae

503 871 691 962 (nam
723 876 929 939 etiam
956 874 1123 941 tum⁶
1154 876 1417 942 vinctus
1445 882 1614 954 erat)
1643 877 2018 954 exsolvunt,
2039 881 2378 961 orantque,
2404 880 2425 910 ‘
2456 882 2533 942 ut
2556 877 2736 941 cau-i

505 997 602 1043 sae
657 998 799 1043 suae
850 979 1236 1062 deprecator
1294 980 1569 1043 assistat
1591 978 1628 1039 ε’
1675 984 2138 1062 aspernantem
2182 983 2671 1062 tumentemque
2692 985 2724 1026 ⁸

502 1081 815 1165 lacrymis
846 1081 1126 1163 fatigant
1145 1086 1545 1167 (extremum
1593 1079 1977 1166 malorum)¹²
2023 1088 2164 1146 tot⁷
2191 1082 2538 1146 fortissimi
2565 1082 2717 1161 viri,

504 1184 860 1266 proditoris
885 1204 1080 1268 opem
1110 1185 1493 1252 invocantes
1523 1183 1568 1246 :i
1595 1206 1755 1251 mox
1769 1185 2189 1276 ‚velamentaJ
2222 1189 2289 1249 et
2317 1184 2560 1248 infulas
2590 1204 2720 1269 pro

2384 397 2486 493 ’[Ᾰ.
2507 415 2577 481 u.
2597 411 2697 481 sis
2711 405 2734 444 '-

505 1361 695 1423 occulti,
714 1376 772 1410 ne
793 1366 894 1411 tum
911 1363 1095 1425 quidem
1116 1363 1349 1427 rogabant
1371 1367 1573 1429 veniam,
1588 1381 1691 1415 cum
1714 1380 1846 1414 arma
1869 1363 2163 1426 abjecissent.
2215 1364 2457 1415 Primores
2481 1365 2723 1415 exercitus

505 1426 776 1475 vocabulum
814 1432 863 1476 et
899 1428 1078 1493 effigies
1104 1429 1288 1479 Vitellii
1330 1430 1585 1490 auferunt:
1623 1431 1809 1480 vincula
1851 1430 2053 1478 Caecinae
2099 1431 2332 1493 eximunt,
2369 1432 2575 1496 (quippe
2616 1436 2724 1480 tuns

508 1491 653 1540 etiam
672 1492 724 1540 in
762 1496 974 1541 custodia
995 1493 1343 1557 retinebatur‚)
1366 1503 1645 1560 rogantque,
1670 1504 1728 1545 ut
1763 1510 1968 1545 causam
2004 1509 2145 1545 suam
2172 1497 2303 1544 tueri
2324 1497 2454 1545 velit
2468 1498 2595 1561 apud
2626 1497 2722 1545 vic·

507 1561 670 1604 tores:
703 1556 977 1606 abnuentem
1008 1559 1452 1623 superbientemque,
1460 1561 1663 1625 fletibus
1686 1576 1746 1610 ac
1790 1560 2030 1624 precibus
2060 1559 2285 1622 fatigant
2302 1577 2321 1620 ,⁰
2353 1576 2467 1625 quae
2501 1561 2720 1610 fuitom-

507 1621 643 1669 nium
678 1622 1001 1671 calamitatum
1029 1625 1276 1683 maxima3
1312 1627 1422 1675 scil.
1443 1631 1516 1675 tot
1552 1625 1867 1675 strenuissimi
1898 1625 2012 1692 viri,
2029 1626 2284 1674 desertoris
2306 1627 2458 1692 fidem
2497 1627 2722 1689 implora-

510 1684 656 1744 bant5
684 1687 791 1736 dein
816 1702 906 1754 pro
928 1689 1155 1737 moenibus
1172 1692 1529 1740 caduceatorum
1549 1706 1629 1741 seu
1648 1706 1809 1755 pacem
1829 1691 2171 1755 postulantium
2198 1691 2407 1754 insignia
2436 1691 2723 1756 praeferunt.

1454 1826 1787 1846 OOOOOOOOOO

509 1906 773 1971 placebat,
814 1913 1200 1960 canentum—6
1233 1911 1337 1960 Ms.
1374 1910 1601 1960 Budens.
1644 1914 1877 1960 tunm—⁷
1911 1909 1998 1961 Sic
2034 1909 2169 1961 bene
2210 1911 2339 1962 Mas.
2387 1911 2517 1975 Reg.
2559 1911 2724 1963 Corb.

511 1970 659 2021 Harl.
684 1973 941 2025 editiones
966 1981 1167 2025 veteres
1198 1983 1252 2026 et
1276 1977 1609 2027 recentiores.
1678 1977 1807 2026 Mss.
1829 1977 1860 2030 J
1868 1991 1941 2027 es.
1965 1975 2146 2028 Guelf.
2168 1976 2310 2028 Bud.
2331 1982 2388 2058 et
2421 1977 2731 2043 Rhenanus,

1502 2132 1724 2185 NOTAE

575 2253 598 2286 ‘¹
640 2254 911 2321 Pei-stabat]
973 2257 1168 2321 Vulgus
1224 2272 1318 2324 pro
1359 2256 1577 2309 Vitellio

512 2330 850 2404 induruerat:
909 2334 1135 2398 optimus
1180 2341 1237 2385 et
1287 2335 1580 2390 honestissi-

511 2424 622 2459 mus
645 2411 858 2476 quisque
880 2410 932 2461 in
956 2411 1330 2476 Vespasianum
1359 2414 1577 2464 inclina-

512 2489 621 2538 ban

540 2564 598 2599 ΓΕ
632 2567 871 2617 Primores
891 2571 1175 2635 castrorum]
1208 2569 1486 2634 Praecipue
1510 2569 1577 2619 ad

510 2642 800 2708 primipilus
861 2647 1219 2695 centurionum
1301 2647 1579 2710 spectabat

511 2723 746 2773 custodia
768 2723 952 2787 aquilae
970 2724 1358 2789 signorumque,
1379 2730 1434 2773 et
1458 2739 1580 2773 con-

508 2807 793 2864 sequenter
835 2798 1109 2863 imaginum
1156 2799 1425 2863 principis,
1461 2815 1576 2863 quae

510 2874 649 2925 inter
670 2875 817 2938 signa
841 2874 1372 2925 circumferebantur:
1400 2876 1490 2924 sed
1514 2891 1580 2925 ea

508 2956 678 3002 rerum
701 2952 1025 3012 necessitate,
1045 2959 1154 3002 tum
1178 2953 1431 3016 pertinuit
1451 2968 1580 3002 cura

510 3027 575 3077 ad
600 3041 776 3076 omnes
794 3027 1023 3091 primores
1037 3034 1316 3078 castrorum.

576 3104 648 3154 Et
685 3103 757 3152 sic
801 3104 1046 3166 imagines
1081 3106 1281 3154 Vitellii
1323 3122 1579 3173 amovere,

508 3195 577 3230 ne
598 3181 870 3230 irritarent
893 3183 1067 3232 oculos
1092 3184 1388 3248 animosque
1402 3186 1581 3236 victri-

510 3255 669 3318 cium,
691 3271 754 3306 ac
775 3256 1105 3322 flagrantium
1144 3274 1233 3323 pro
1258 3262 1578 3325 Vespasiano

510 3334 794 3397 legionum.
881 3334 1051 3399 quue
1115 3338 1406 3400 prudentiae
1461 3338 1579 3390 fnit.

510 3411 650 3483 Nam
683 3409 837 3474 infra,
860 3412 1089 3477 victores
1126 3415 1401 3476 ingerebant
1422 3415 1578 3466 victis

505 3489 699 3553 probra,
719 3490 1016 3540 intentabant
1040 3492 1179 3555 ictus,
1213 3494 1371 3542 etiam
1395 3495 1579 3543 amotis

508 3566 608 3616 illis
630 3567 962 3630 imaginibus·

538 3661 541 3664 ¹
577 3642 601 3675 f
630 3645 813 3694 Nomen
855 3651 994 3708 atque
1038 3647 1293 3712 imagines]
1374 3649 1580 3699 Nomen

514 3720 629 3786 ejus
652 3720 703 3768 in
735 3722 911 3786 signis·
980 3722 1097 3772 Mos
1123 3725 1258 3774 enirn
1283 3726 1388 3788 ille,
1409 3715 1581 3777 utim-

512 3798 770 3861 peratoris
796 3798 873 3845 sui
914 3812 1102 3849 nomen
1142 3807 1249 3850 tum
1270 3803 1475 3852 vexillis
1507 3805 1582 3853 in-

511 3873 824 3938 scriberent,
868 3883 974 3924 tum
1017 3878 1207 3926 scutis:
1247 3879 1385 3941 quod
1423 3881 1581 3929 etiam

511 3950 569 4000 in
590 3951 753 3999 libera
782 3953 913 4016 Rep.
939 3952 1089 4003 video
1113 3952 1427 4005 factitatum.

577 4029 684 4079 Dio
705 4029 770 4078 de
797 4032 984 4080 Crasso
1008 4034 1059 4081 in
1075 4034 1299 4083 Parthos
1319 4041 1581 4097 movente,

500 4105 550 4172 ⁴l.
593 4119 682 4155 ιι.
719 4108 734 4134 ‘
762 4109 971 4168 Signum
1018 4124 1193 4171 unum,
1234 4125 1299 4159 ex
1345 4112 1407 4159 iis
1464 4126 1579 4175 quae

512 4198 701 4247 magna
740 4192 858 4235 sunt
901 4195 958 4236 et
1004 4188 1229 4237 velorum
1274 4188 1479 4247 similia,
1525 4193 1581 4236 et

511 4260 758 4325 puniceas
782 4262 956 4313 literas
978 4263 1259 4327 inscriptas
1285 4263 1582 4326 babent,'a‹l

448 4359 453 4364 ·
511 4335 759 4389 iudicium
777 4338 1044 4390 exercitus
1069 4346 1125 4390 et
1140 4338 1479 4405 Imperatoris
1502 4340 1582 4391 sui

1657 2255 1990 2309 faciendum.’

1723 2331 2009 2383 Thebaidis
2052 2333 2278 2399 scriptor
2318 2335 2477 2385 etiam
2517 2335 2728 2387 Groecis

1658 2409 1919 2474 attribuit,
1938 2410 2027 2459 sed
2052 2418 2281 2462 mentem
2301 2412 2499 2462 habens
2523 2413 2574 2462 in
2598 2413 2730 2462 mili-

1658 2489 1733 2536 tia
1778 2487 2035 2537 Romana:
2091 2489 2107 2516 ‘
2133 2488 2310 2538 Aurea
2354 2491 2548 2538 clarum
2600 2496 2727 2539 nota

1660 2563 1869 2613 Nomen
1912 2563 2098 2614 ducum
2137 2564 2327 2613 vexilla
2364 2567 2728 2629 praescriptum

1660 2640 1868 2690 ferunt!
1907 2641 2156 2706 Facitque
2180 2642 2357 2691 literas
2381 2657 2581 2706 aureas,
2601 2656 2730 2707 quas

1660 2720 1767 2767 Dio
1792 2720 2054 2782 puniceas.

1724 2796 1847 2845 Huc
1889 2795 2120 2845 Suetonii
2153 2796 2286 2846 illud
2327 2797 2575 2860 pertinet,
2598 2796 2729 2847 Ves-

1662 2890 1770 2940 pas.
1793 2890 1840 2925 c.
1863 2879 1913 2924 6.
1934 2877 1949 2902 ‘
1975 2876 2181 2925 Nomen
2206 2873 2314 2940 ejus
2339 2877 2543 2926 vexillis
2568 2876 2730 2925 omni-

1659 2954 1754 3002 bus
1794 2951 1906 3001 sine
1946 2968 2090 3001 mora
2113 2952 2523 3017 inscripserunt!
2590 2951 2729 3003 Item

1660 3028 1956 3090 Prudentii,
1975 3027 2041 3078 de
2066 3029 2406 3080 Constantino
2425 3046 2439 3079 t
2455 3031 2470 3057 ‘
2492 3029 2729 3079 Christus

1660 3120 1997 3170 purpureum,
2022 3113 2281 3169 gemmato
2306 3112 2485 3157 textus
2507 3107 2561 3155 in
2586 3120 2732 3166 auro,

1658 3181 1913 3247 Signabat
1937 3183 2212 3244 Labarum,
2248 3185 2550 3249 clypeorum
2576 3183 2730 3248 insig-

1662 3262 1745 3309 nia
1763 3261 1997 3311 Christus
2022 3260 2353 3324 Scripserat.’

1726 3339 1831 3390 Qui
1876 3338 2012 3387 bene
2047 3338 2196 3388 addit
2243 3339 2307 3387 de
2352 3339 2577 3402 clypeis,
2621 3338 2731 3389 sive

1661 3415 1858 3477 scutis3
1890 3428 2009 3465 nam
2050 3421 2106 3464 et
2141 3416 2268 3478 illic,
2307 3423 2365 3465 ut
2396 3416 2523 3480 dixi,
2547 3414 2733 3466 inscri-

1664 3491 1873 3543 bebant.
1973 3493 2322 3545 Quintilianus
2378 3508 2470 3556 pro
2516 3493 2730 3542 Milite:

1662 3570 2022 3634 ‘Inscriptum
2067 3570 2118 3619 in
2164 3577 2313 3620 scuto
2356 3571 2416 3620 C.
2442 3570 2601 3619 Marii
2645 3584 2733 3619 no·

1661 3648 1815 3697 men.’
1848 3647 2061 3711 Lipsius.
2381 3641 2382 3646 ’
2433 3659 2439 3665 “

1727 3733 1754 3767 8
1791 3725 2085 3788 Tumentem]
2139 3726 2301 3775 Fastu
2347 3740 2535 3790 nempe
2572 3740 2735 3791 super-

1662 3802 1880 3851 bientem.
1950 3803 2020 3852 Et
2041 3803 2245 3867 quidem
2277 3804 2534 3868 superbiae
2562 3819 2623 3866 ac
2647 3819 2734 3854 va·

1664 3879 1843 3928 nitatis
1890 3880 2215 3941 arguebatur
2249 3881 2480 3931 Caeci'na.
2545 3882 2734 3944 Supra,

1664 3957 1678 3985 ‘
1700 3962 1759 4005 ut
1782 3956 2033 4005 tumidum
2058 3971 2118 4006 ac
2144 3967 2327 4005 vanum
2353 3955 2679 4008 irridebant.'

1727 4031 1750 4065 ¹¹
1785 4034 2071 4083 Extremum
2108 4035 2357 4098 malorum]
2435 4036 2553 4085 Non
2600 4051 2736 4101 prae-

1663 4110 1769 4159 eise
1810 4112 2043 4171 ultimum,
2083 4111 2158 4159 ut‘
2184 4111 2342 4160 vertit
2388 4110 2539 4175 Hisp.
2566 4112 2734 4161 Inter-

1664 4202 1802 4251 pres,
1818 4187 1910 4236 sed
1930 4187 2206 4236 maximum
2226 4196 2280 4237 et
2305 4188 2733 4251 indignissimum.

1726 4264 1741 4297 ¹
1773 4265 2045 4315 Proditoris
2065 4280 2195 4330 opem
2219 4266 2510 4329 invocantes]
2550 4267 2740 4331 xiphio

1662 4343 1798 4394 linus
1835 4343 2050 4410 videtur
2075 4345 2232 4410 velle,
2275 4358 2414 4409 cum,
2458 4342 2733 4411 praetentis
