3050 4917
448 350 634 420 8112.
1160 369 1228 422 c.
1272 365 1637 418 conuenit
1684 368 1942 419 ‘rscrrr
2328 375 2423 443 [A.
2444 376 2516 429 υ,
2540 380 2661 432 ω,

447 515 755 602 vestigio,
804 514 992 581 multi
1035 515 1362 601 palantes,
1413 515 1826 581 occubuere:
1871 516 2066 582 ceteri
2110 522 2287 585 retro
2324 518 2398 584 in
2440 523 2667 604 castra

447 621 866 708 profugiunt3
911 623 1223 705 querente
1268 638 1430 685 sane
1471 618 1687 685 Civile
1731 624 1799 685 et
1841 621 2227 706 increpante
2256 621 2661 704 Germanos,

452 730 474 762 ‘
503 729 823 811 tanquam
847 723 1196 808 fidem‘per
1220 723 1443 790 scelus
1472 719 1973 809 abrumperent?
2060 725 2388 792 Simulata
2412 747 2497 793 ea
2522 728 2666 793 fue·-

405 895 419 908 ,
450 830 599 908 rint,
659 849 747 893 an
800 829 1078 894 retinere
1136 827 1491 893 saevientes
1541 827 1933 911 nequiverit,
1992 848 2228 914 parum
2279 828 2664 896 affirmatur.

453 931 755 1017 Direptis
806 933 1066 1010 cestrie,
1118 931 1301 997 faces
1346 930 1690 1017 injiciunt:
1673 937 1739 967 “¹
1781 936 2216 1018 cunctosque,
2260 934 2383 1018 qui
2426 935 2667 1018 praelio

451 1034 934 1120 superfuerant,
957 1034 1340 1100 incendium
1368 1034 1612 1099 hausit.

537 1139 649 1204 61.
695 1138 959 1217 (livine,
987 1138 1272 1204 barbaro
1298 1144 1514 1218 voto,
1541 1145 1701 1223 post
1750 1145 1982 1225 coepta
2030 1105 2352 1208 adversus
2404 1140 2669 1207 Roma-

451 1329 568 1390 loeo,
585 1327 725 1377 mtati
743 1332 974 1389 errantes,
994 1326 1231 1377 occidere:
1263 1326 1431 1391 reliqui
1451 1332 1582 1378 retro
1602 1327 1657 1378 in
1676 1327 1967 1378 munimenta
1992 1326 2226 1391 fugias&
2257 1327 2539 1391 indignante
2560 1328 2666 1391 qui

451 1396 557 1444 dem
592 1392 759 1454 Civili,
776 1398 823 1442 et
860 1393 1103 1442 incusante
1125 1392 1407 1454 Germanos,
1437 1398 1685 1458 tanquam
1706 1391 1876 1443 foedus
1910 1407 2006 1457 per
2029 1391 2264 1443 fraudem
2298 1392 2664 1458 infringerent·

457 1460 854 1519 Purumeonstmt,
873 1474 938 1508 aa
965 1457 1404 1535 affusum-ine,
1422 1474 1488 1508 an
1523 1458 2142 1522 emmaum-mm
2174 1459 2406 1523 potam-ia
2474 1459 2667 1522 Egesta

444 1526 632 1640 :urm
649 1524 949 1574 munimentis
980 1523 1139 1587 ignem
1171 1522 1409 1584 inferunt.-
1440 1539 1702 1589 omnesque,
1723 1524 1806 1589 qui
1839 1539 1867 1575 e
1881 1540 2046 1600 pugna
2065 1529 2329 1589 auserunt,
2348 1523 2670 1591 flammea>-

629 1605 671 1639 e.

520 1654 707 1721 Civilis,
720 1658 997 1719 perpetrata
1016 1656 1204 1708 tandem
1223 1656 1351 1705 ccede
1369 1653 1622 1719 legionum,
1637 1654 1845 1706 excussi-t
1859 1655 2084 1722 exuitque
2103 1656 2341 1725 capillum
2366 1668 2521 1723 quem
2542 1653 2671 1705 Ger-

1448 1830 1664 1882 NOTAE

520 1979 545 2007 ¹
579 1972 801 2038 Direptz's
819 1971 1149 2036 cadri-‹Jaces
1164 1972 1418 2037 injiciunt]
1439 1974 1522 2024 Ex

454 2060 611 2119 pacto
632 2052 815 2119 praeda
845 2050 913 2101 ad
948 2049 1165 2101 Civilem
1200 2049 1518 2114 pertinebat.

454 2131 645 2197 Itaque
673 2129 864 2196 egestis
885 2127 1119 2192 sarcinis,
1140 2127 1318 2192 sicque
1340 2127 1522 2179 amotis

450 2207 744 2271 calonibus,
768 2203 1112 2271 digressisque
1133 2204 1398 2267 militibus,
1431 2218 1522 2269 po-

456 2285 559 2336 tuit
580 2291 688 2335 tum
713 2299 809 2348 pro
828 2298 920 2333 suo
943 2290 1074 2332 nutu
1095 2281 1275 2333 Civilis
1298 2281 1540 2345 injicere.

452 2360 599 2418 faces
617 2360 819 2412 castris.
886 2358 989 2410 Sed
1012 2356 1189 2407 mirari
1209 2356 1519 2422 subit,quod

453 2440 638 2504 praelio
676 2438 983 2503 superstites
1026 2435 1176 2487 simul
1227 2434 1521 2486 incenderit

455 2515 651 2583 Civilis,
676 2516 763 2582 qui
801 2515 980 2581 vulgus
1012 2513 1234 2563 militum
1268 2512 1519 2578 pellicere

453 2592 509 2644 iu
529 2609 647 2645 suas
684 2599 861 2658 partes
899 2591 1163 2657 cupiebat,
1200 2591 1388 2642 occisis
1409 2597 1521 2643 tan-

453 2676 564 2723 tum
586 2674 791 2739 legatis.

518 2750 623 2802 Sed
642 2751 781 2801 forte
805 2749 957 2816 pauci
978 2749 1055 2800 illi
1090 2749 1296 2813 milites,
1326 2749 1416 2815 qui
1438 2762 1517 2799 re·

453 2828 701 2894 fugerant
730 2829 786 2878 in
825 2833 1019 2891 castra,
1056 2825 1284 2892 neglecti
1319 2832 1441 2877 sunt
1486 2841 1520 2876 a

451 2905 630 2972 Civili,
651 2912 708 2957 et
729 2904 829 2969 ipsi
850 2903 1047 2954 hauriri
1068 2902 1306 2954 incendio
1329 2902 1519 2953 malue-

447 2987 594 3045 runt,
641 2996 795 3047 quam
838 2980 892 3030 in
937 2985 1255 3045 potestatem
1295 2979 1519 3031 bostium

450 3059 651 3124 venire,
672 3073 789 3109 cum
803 3057 1006 3108 nollent
1029 3070 1086 3106 se
1104 3056 1204 3108 vias
1220 3056 1361 3107 ultra
1380 3071 1519 3107 com-

450 3136 683 3187 mittere.
752 3135 953 3199 Egesta
982 3132 1177 3197 praeda,
1200 3133 1379 3184 Civilis
1410 3148 1520 3183 cas-

451 3211 548 3262 tris
570 3210 744 3276 ignem
765 3209 969 3275 injecit,
996 3209 1122 3258 nihil
1145 3210 1281 3259 ultra
1315 3225 1520 3277 curans,

452 3301 572 3338 cum
589 3293 745 3353 pacto
762 3294 816 3338 et
838 3287 1098 3351 promissis
1115 3288 1364 3353 stetisset,
1379 3303 1521 3340 nem-

449 3378 520 3429 pe
544 3378 792 3415 concessa
809 3364 1063 3415 militibus
1080 3364 1325 3415 Romanis
1347 3365 1521 3433 venia,

448 3447 505 3492 et
529 3440 784 3493 facultate
798 3442 1022 3492 abeundi
1038 3456 1141 3507 quo
1159 3442 1373 3494 vellent.

513 3520 612 3570 Est
632 3526 824 3584 tamen,
861 3518 947 3585 qui
977 3524 1173 3582 vertat,
1205 3520 1351 3585 quasi
1386 3521 1517 3572 Ger-

448 3596 587 3647 mani
622 3612 727 3658 eos,
758 3598 812 3648 in
854 3612 980 3662 quos
1018 3596 1268 3663 incidere,
1306 3599 1516 3663 milites,

446 3675 681 3740 usquein
705 3682 881 3725 castra
903 3672 1222 3738 refugientes
1254 3678 1517 3740 persecuti

446 3750 571 3814 sint,
592 3757 648 3802 et
663 3759 836 3801 castra
857 3751 1159 3816 expilarint,
1191 3751 1314 3802 dein
1341 3753 1514 3818 ignem

442 3828 744 3892 injecerint,
800 3845 902 3895 quo
942 3830 1164 3879 absumti
1207 3830 1284 3881 illi
1321 3832 1512 3884 milites

446 3906 538 3972 qui
560 3921 621 3956 eo
639 3906 965 3972 refugerant.
1031 3909 1196 3959 Quasi
1233 3923 1360 3959 vero
1384 3910 1513 3961 Ger-

445 3983 583 4032 mani
626 3984 751 4034 socii
785 3985 980 4050 Civilis,
1015 3985 1226 4035 nolente
1270 3986 1424 4038 Civili
1458 3994 1513 4038 et

445 4058 678 4126 vidente,
720 4062 1041 4127 expilasseut
1080 4070 1272 4125 castra,
1296 4079 1512 4128 quorum

444 4137 626 4201 praeda
663 4139 729 4189 ad
752 4140 972 4189 Civilem
1006 4137 1332 4203 pertinebat!
1369 4142 1515 4206 quasi

445 4228 570 4265 vero
623 4215 875 4267 Germani
920 4216 1218 4281 rapuissent
1258 4217 1510 4282 praedam,

447 4307 550 4343 nou
571 4293 856 4345 interfectis
875 4294 1048 4361 potius
1064 4293 1333 4361 militibus,
1354 4310 1509 4360 quam

1602 1979 1788 2039 postea
1805 1972 2026 2024 incensis
2045 1975 2058 2025 l

1668 2050 1968 2116 spoliarunt
2010 2049 2422 2115 occideruntque
2473 2046 2671 2100 milites

1603 2128 1865 2180 Romanos
1901 2127 2152 2179 Germani
2192 2126 2249 2176 in
2289 2125 2497 2186 itinere,
2540 2124 2674 2175 nibil

1601 2206 1772 2266 ultra3
1825 2206 1919 2255 sed
1973 2204 2175 2268 Civilis,
2239 2207 2422 2267 egesta
2471 2200 2676 2267 preda,

1603 2282 1879 2333 contemtis
1899 2281 1980 2332 liis
2011 2279 2228 2346 refugis,
2255 2279 2428 2344 ignem
2461 2278 2678 2329 immisit

1603 2359 1805 2410 castris.
1839 2374 1943 2425 quo
1984 2357 2061 2408 illi
2097 2356 2270 2409 hausti
2306 2361 2448 2407 sunt.
2514 2354 2673 2406 Atta·

1600 2446 1720 2487 men
1756 2437 1876 2503 quia
1897 2436 2083 2502 plurali
2117 2450 2334 2487 numero
2356 2434 2505 2499 dicit,
2534 2434 2681 2498 faces
2720 2435 2725 2445 “

1599 2513 1838 2578 injiciant,
1858 2513 1911 2564 id
1934 2512 2073 2564 forte
2102 2514 2260 2564 etiam
2282 2513 2349 2564 de
2385 2512 2670 2564 Germanis

1600 2591 1824 2657 intelligi
1880 2591 2063 2656 possit,
2115 2597 2172 2642 et
2211 2590 2359 2642 addit
2410 2589 2673 2642 Tacitus:

1600 2671 1617 2699 ‘
1645 2670 1998 2737 Cunctosque,
2045 2670 2135 2736 qui
2180 2669 2363 2734 praelio
2399 2667 2676 2734 superfue-

1599 2753 1739 2811 rant,
1779 2746 2076 2799 incendium
2096 2746 2308 2799 hausit.'

1665 2830 1689 2857 '
1723 2822 1914 2887 Civilis,
1949 2822 2148 2875 barbaro
2183 2823 2313 2888 voto]
2345 2822 2587 2874 Patrium
2618 2826 2684 2872 et·

1601 2901 1812 2953 solenne
1835 2901 2111 2953 Germanis
2131 2903 2229 2952 hoc
2255 2906 2451 2952 votum.
2515 2898 2673 2951 Taci-

1600 2969 1685 3032 tus
1720 2981 1788 3033 de
1822 2981 2048 3034 mon'bus
2084 2981 2198 3046 ejus
2236 2980 2440 3046 gentis:
2499 2980 2515 3008 ‘
2538 2978 2677 3030 Aliis

1601 3059 1978 3110 Germanorum
1996 3057 2202 3123 populis
2212 3062 2538 3123 usurpatum,
2554 3070 2678 3108 rara

1603 3142 1661 3187 et
1689 3136 1898 3202 privata
1935 3137 2187 3202 cujusque
2222 3134 2489 3198 audentia,
2527 3134 2674 3199 apud

1601 3216 1785 3265 Cattos
1816 3213 1870 3262 in
1909 3226 2216 3263 consensum
2258 3211 2438 3274 vertit,
2476 3210 2675 3262 crinem

1599 3290 1916 3356 barbamque
1929 3290 2277 3354 summittere,
2284 3302 2386 3340 nec
2402 3286 2502 3338 nisi
2516 3287 2672 3338 hoste

1601 3382 1737 3418 coeso
1774 3381 1967 3418 exuere
2006 3367 2241 3418 votivum
2280 3365 2674 3430 obligatumque

1598 3444 1786 3495 virtuti
1807 3443 1910 3494 oris
1927 3443 2194 3495 habitum?

1664 3522 1859 3572 Mansit
1874 3520 2117 3571 inferiore
2135 3533 2266 3570 aevo.
2301 3519 2371 3569 Et
2393 3518 2512 3583 lego
2528 3515 2670 3583 apud

1598 3601 1894 3653 Diaconum
1934 3614 2024 3650 111.
2063 3598 2130 3649 de
2167 3598 2326 3663 gestis
2368 3596 2671 3661 Longobar·

1597 3680 1719 3730 dum
1745 3679 1921 3744 capite
1953 3682 2002 3730 ³.
2031 3677 2170 3727 ‘Sex
2204 3675 2370 3728 millia
2390 3675 2681 3736 Saxonum,-

1597 3771 1714 3823 quae
1749 3756 1889 3806 bello
1926 3752 2313 3819 superfuerant,
2346 3751 2672 3802 devoverunt

1596 3846 1652 3882 se
1688 3846 1857 3897 neque
1891 3830 2108 3881 barbam
2143 3843 2317 3894 neque
2347 3828 2567 3892 capillos
2589 3841 2668 3876 ra-

1594 3925 1759 3973 suros,
1772 3908 1872 3960 uisi
1896 3923 1952 3959 se
1969 3909 2036 3958 de
2055 3907 2238 3958 Suevis
2258 3906 2492 3957 hostibus
2515 3904 2664 3955 ulcis-
2700 3945 2703 3946 γ

1594 3987 1875 4038 serentur?

1661 4053 1885 4117 Pulchre
1903 4063 2069 4128 igitur
2089 4069 2147 4114 et
2160 4060 2353 4112 decore
2371 4060 2529 4112 Silius
2550 4059 2662 4120 Sar·

1595 4142 1760 4192 menti
1796 4141 1952 4192 Gallo
1983 4141 2083 4190 hoc
2125 4138 2348 4205 affingit,
2374 4138 2560 4190 Punic.
2586 4150 2663 4188 tv.

1596 4221 1613 4247 ‘
1634 4217 1919 4272 Occumbit
1938 4217 2201 4278 Sarmens,
2234 4214 2423 4266 flavam
2461 4215 2551 4281 qui
2573 4228 2659 4279 po·

1592 4310 1716 4348 nere
1729 4296 1901 4347 victor
1917 4294 2196 4348 Coesariem
2229 4293 2532 4362 crinemque
2548 4291 2659 4355 tibi,
