3050 4917
551 417 728 487 mdo

551 577 859 643 tollianus
875 579 1064 645 miles
1085 582 1392 649 custodia
1410 586 1676 652 socordi
1701 590 1969 655 clausos
1991 556 2421 661 circumdedit
2439 615 2460 677 ς
2499 616 2743 685 eoque,

551 683 878 747 concubia
901 691 1114 760 nocte,
1139 706 1298 750 suos
1315 688 1580 754 liberosj
1609 691 1902 758 Sabinus
1931 703 1995 759 et
2014 692 2495 778 Domitianum,
2527 701 2748 768 fratris

1245 437 1314 490 (5.
1360 438 1729 491 CORNELII
1776 444 2035 495 'mmm
2433 456 2528 525 [Δ.
2548 454 2617 514 U.
2638 463 2759 515 ⁸22.

550 781 781 875 filium,
807 788 874 850 in
907 790 1321 873 capitolium⁷
1351 795 1603 860 accivit
1621 792 1667 861 :¹¹
1710 798 1947 864 misso⁸
1986 822 2104 886 per
2147 806 2446 887 neglecta
2472 807 2561 871 ad
2593 807 2750 875 Fla·

548 885 782 952 vianos
814 889 1045 956 Duces
1095 896 1346 974 nuntio,
1398 900 1539 982 qui,
1590 904 1611 934 ‘
1633 902 2079 970 circumsideri
2108 907 2324 999 ipsos,
2354 914 2440 987 et,
2462 912 2560 974 ni⁹
2587 912 2746 977 sub-

1464 1382 1823 1407 OOO‘OOOOOm

527 1456 762 1527 ⁹Brotier.
826 1479 1051 1532 Omnino
1074 1485 1345 1549 legendum
1368 1491 1581 1543 Gratilla
1590 1510 1610 1551 ,-
1638 1497 1774 1561 quod
1799 1512 2051 1564 recepere
2077 1500 2287 1562 Bipont.
2360 1501 2622 1569 Obvia—⁷·
2653 1496 2756 1553 Ita'

542 1538 663 1590 libri
696 1556 870 1592 omnes
907 1549 1091 1612 scripti
1125 1558 1179 1601 et
1215 1554 1362 1604 editi.
1427 1558 1741 1612 Redundare
1766 1566 2006 1616 tamenin
2026 1566 2313 1629 Capitolium
2334 1568 2597 1618 existimat
2618 1568 2741 1632 Lip-

540 1605 667 1655 sius.
733 1605 964 1676 Intelligi
1002 1616 1206 1677 quidem
1243 1618 1355 1670 haec
1395 1630 1665 1684 poterant:
1715 1644 1815 1679 non
1852 1630 1969 1680 ideo
2008 1638 2181 1682 tamen
2217 1632 2453 1692 insititia,
2492 1641 2553 1683 ut
2593 1641 2737 1710 recte

542 1669 785 1722 observat
809 1674 1074 1729 Ernestus.
1110 1682 1422 1736 Brotier.—8
1454 1688 1541 1738 Sic
1575 1690 1706 1742 bene
1744 1695 1872 1745 Mss.
1913 1696 2050 1747 Flor.
2073 1698 2202 1760 Reg.
2230 1698 2387 1749 Corb.
2414 1698 2578 1749 editio
2602 1714 2739 1775 prm·

541 1746 665 1799 ceps
688 1743 744 1787 et
766 1746 1093 1793 recentiores.
1158 1747 1289 1799 Mss.
1330 1750 1474 1802 Harl.
1518 1755 1667 1807 Bodl.
1704 1758 1812 1810 Jes.
1843 1767 1898 1810 et
1921 1762 2257 1826 Puteolanus,
2276 1768 2329 1812 at
2350 1763 2561 1813 Sabinus
2581 1779 2740 1829 naue,

539 1801 622 1862 &c-
647 1803 798 1853 etsie
816 1804 1107 1858 Gronovius
1145 1819 1201 1861 et
1230 1814 1480 1879 Ryckius.
1549 1821 1683 1871 Haec
1707 1823 1887 1875 addita
1922 1842 1953 1876 a
1982 1826 2219 1889 librariis,
2258 1829 2347 1893 qui
2377 1837 2582 1892 partem
2603 1830 2737 1906 lianc

536 1863 871 1919 historiarum
905 1870 1072 1922 Taciti
1111 1879 1365 1944 susdeque
1408 1897 1610 1937 versam
1653 1889 1840 1940 misere
1886 1890 2312 1957 deturpaverant.
2364 1894 2617 1944 Idem—9
2649 1896 2737 1972 Sic

538 1928 671 1980 bene
690 1929 921 1986 Pichena
940 1945 996 1988 et
1023 1942 1333 1995 recentiores
1372 1960 1403 1995 e
1441 1950 1544 2000 Ms.
1582 1951 1719 2005 Flor.
1753 1955 1806 2004 in
1829 1971 1930 2022 quo
1965 1965 2139 2008 tamen
2171 1967 2434 2023 corrupte,
2452 1959 2557 2024 ipso
2586 1962 2656 2012 sel
2685 1975 2738 2009 m

534 1994 872 2050 subveniretur.
951 2004 1079 2057 Mss.
1115 2006 1266 2060 Harl.
1307 2011 1461 2065 Bodl.
1494 2015 1608 2069 Jes.
1653 2024 1708 2069 et
1750 2020 2090 2088 Puteolanus,
2124 2025 2268 2089 ipsos,
2310 2026 2366 2076 ni
2399 2024 2740 2113 ωὺυςπῧΐθΐὶἕΐ·

1531 2226 1744 2280 NOTAE

533 2324 719 2370 secuta
737 2320 825 2387 sit,
843 2338 946 2374 nou
987 2329 1320 2398 propinquos,
1351 2351 1453 2387 non
1475 2353 1590 2403 gra·
1668 2341 1685 2370 ‘
1704 2342 2043 2397 Occasionem
2063 2347 2325 2412 pugnandi
2340 2351 2395 2397 et
2411 2347 2734 2410 periculum!

531 2395 660 2446 tiam
703 2397 1058 2455 dominationis
1110 2408 1443 2475 imminentis,
1499 2416 1589 2466 sed

532 2471 742 2526 betium.
808 2477 967 2529 Forte
996 2483 1190 2547 stipata
1223 2487 1337 2537 aliis
1369 2488 1589 2541 foeminis

529 2548 585 2598 id
615 2565 737 2601 ausa
775 2561 872 2604 est.
938 2556 1067 2608 Cum
1106 2561 1250 2626 dicit,
1285 2563 1473 2629 huam,
1510 2568 1588 2618 sic

524 2637 685 2675 omne
710 2640 872 2693 genus
907 2632 1177 2686 libidinum
1215 2641 1467 2706 explicuit
1485 2644 1589 2695 Ta-

530 2704 683 2758 citus.

594 2778 609 2814 ¹
633 2780 733 2833 Sed
752 2783 918 2835 bellum
937 2788 1120 2853 secuta]
1174 2792 1327 2845 Quod
1365 2797 1588 2851 insoleus

522 2856 575 2907 in
613 2870 760 2923 sexu,
780 2873 878 2913 nec
911 2864 1021 2914 sine
1041 2864 1293 2930 flagitiosa
1314 2875 1584 2940 cupidine,

522 2935 661 3000 quod
684 2951 787 2987 non
822 2940 930 2990 sine
968 2943 1180 3015 lascivia
1220 2960 1281 2997 ac
1320 2934 1582 3012 protervis

514 3010 981 3076 impudentissima.
1035 3019 1124 3070 Sic
1163 3037 1306 3089 saepe
1342 3041 1581 3081 amavere

520 3087 855 3151 gladiatores.
885 3094 1073 3149 Juven.
1095 3097 1111 3125 ‘
1132 3108 1213 3149 est
1225 3099 1418 3155 ferrum
1439 3109 1580 3173 quod

504 3165 733 3229 ¹arnam-³

583 3240 701 3293 Nec
725 3247 980 3308 arguerim
1002 3252 1252 3304 saevitiam
1270 3255 1322 3305 in
1344 3256 1586 3312 Gracilis

514 3317 633 3381 hac,
670 3334 822 3384 quam
856 3323 1158 3378 criminatur
1193 3332 1403 3384 Tacitus
1440 3336 1578 3388 infra

514 3392 568 3442 in
588 3393 816 3447 Triaria:
851 3399 866 3427 ‘
884 3400 1152 3468 Tanquam
1174 3409 1347 3472 gladio
1363 3411 1577 3464 militari

514 3464 703 3536 cincta,
745 3474 884 3526 inter
926 3478 1122 3532 luctum
1162 3485 1442 3552 cladesque
1485 3506 1574 3541 ex-

512 3558 756 3614 pugnatae
772 3554 1067 3610 Tarracinae
1089 3564 1313 3629 superbe
1329 3581 1572 3636 saeveque

508 3627 738 3692 egisset?

575 3704 760 3757 Potius
783 3722 986 3773 arguam
1007 3716 1317 3783 quodtupra
1343 3721 1569 3774 traditur

510 3778 649 3871 Hist.
671 3783 776 3872 ‚nb'
820 3800 860 3836 1.
877 3792 973 3875 ⁸48.
997 3790 1064 3841 de
1099 3795 1322 3860 conjuge
1358 3799 1571 3850 Calvisii

392 3873 396 3877 ·
504 3856 718 3947 Sabim:
751 3864 955 3949 fCuJus
979 3883 1128 3933 uxor,
1153 3874 1287 3922 mala
1321 3875 1567 3940 cupidine

500 4012 709 4067 militari
735 4018 916 4069 babitu
938 4022 1183 4089 ingressa,
1204 4041 1324 4077 cum
1362 4029 1564 4097 vigilias

498 4096 560 4140 et
584 4100 764 4145 cetera
802 4098 995 4148 militiae
1019 4103 1191 4151 munia
1211 4104 1391 4155 eadem
1414 4107 1564 4159 iasci-

500 4170 587 4221 via
609 4179 883 4238 tentasset,
918 4177 970 4226 in
1003 4178 1130 4244 ipsis
1165 4183 1438 4250 principiis
1456 4193 1563 4238 stu-

496 4260 650 4314 prum
668 4254 828 4316 ausa,’
848 4258 948 4306 &c-

560 4324 665 4376 &a
681 4326 877 4393 auum]
923 4330 1103 4386 Vertit
1122 4334 1392 4403 Interpoes
1414 4340 1559 4395 Gan.

1665 2420 1870 2473 ‘Debuit
1891 2424 2082 2487 potius,
2117 2431 2177 2475 ut
2213 2433 2359 2490 puto,
2392 2416 2731 2490 interpretari

1672 2495 1737 2546 de
1761 2502 2100 2566 procacitate,
2121 2502 2187 2551 de
2212 2502 2418 2552 lascivia
2439 2518 2500 2552 ac
2522 2504 2732 2554 licentia

1669 2589 1943 2629 armorum.
2009 2579 2128 2629 Hoc
2150 2581 2411 2645 praecipue
2434 2581 2729 2632 sectabatur

1663 2650 1893 2719 foemina,
1937 2670 2038 2727 uon
2080 2672 2326 2723 pugnam,
2360 2675 2463 2709 non
2503 2652 2730 2725 ‘perleu-

1569 2746 1574 2751 ·
1663 2729 1791 2792 lum,
1814 2746 1916 2782 non
1936 2733 2145 2783 studium
2171 2736 2383 2799 partium
2402 2754 2419 2788 .·
2463 2739 2517 2787 iu
2551 2739 2650 2790 hac
2672 2740 2728 2789 li-

1665 2807 1838 2858 centia
1860 2815 2031 2860 tamen
2056 2817 2111 2861 et
2133 2813 2397 2878 pugnandi
2432 2812 2569 2865 inter
2591 2804 2729 2870 vi'ros

1665 2882 1822 2933 ardor
1842 2883 1965 2936 fuit.
2099 2922 2104 2925 -
2354 2887 2357 2890 ⁴
2707 2902 2712 2907 ”

1725 2957 1744 3002 ³
1772 2959 1894 3011 Suos
1933 2963 2150 3029 liberm]-
2177 2966 2329 3016 Inter
2367 2981 2494 3033 quos
2529 2968 2726 3019 Flavius

1663 3035 1882 3102 Sabinus,
1921 3047 1976 3092 et
2032 3042 2239 3093 Flavius
2293 3040 2555 3110 Clementi,
2593 3062 2721 3115 quos

1659 3128 1780 3163 mox
1802 3117 1995 3168 occidit
2025 3121 2357 3172 Domitianus
2390 3124 2606 3174 Sueton.
2644 3129 2722 3176 10.

1658 3191 1675 3218 ‘
1695 3190 1926 3241 Flavium
1950 3194 2192 3245 Sabinum
2218 3198 2438 3248 alterum
2459 3214 2489 3249 e
2513 3207 2720 3263 patrue-

1657 3263 1812 3329 libus,
1847 3269 1983 3332 quod
2025 3286 2142 3322 eum
2184 3274 2506 3326 comitiorum
2541 3291 2721 3327 consu-

1654 3342 1840 3393 larium
1895 3347 1982 3397 die
2032 3347 2348 3402 destinatum
2406 3353 2717 3418 [consulem]

1656 3433 1930 3485 perperam
1971 3439 2168 3491 praeco,
2211 3442 2312 3478 non
2348 3432 2612 3482 consulem
2652 3433 2714 3482 ad

1653 3499 1920 3563 populum,
1960 3501 2051 3552 sed
2090 3504 2455 3579 imperatorem
2490 3520 2715 3572 pronun*-

1654 3574 1866 3637 tiasset‚'
1888 3578 2173 3633 interfecit.
2211 3583 2280 3633 Et
2300 3598 2417 3649 cap.
2440 3590 2519 3636 16.
2569 3586 2588 3615 ‘
2610 3586 2712 3638 Dei

1647 3649 1802 3716 nique
1824 3653 2053 3708 Flavium
2078 3659 2401 3712 Clementem
2423 3665 2712 3728 patruelem

1649 3741 1793 3778 suum
1812 3765 1825 3780 .
1843 3766 1857 3780 .
1875 3765 1889 3781 .
1905 3767 1919 3783 .
1935 3730 2154 3798 repente
2176 3752 2243 3788 ex
2267 3740 2570 3792 tenuissima
2606 3757 2708 3794 sus-

1648 3804 1870 3870 picione,
1911 3818 2112 3863 tantum
2151 3829 2253 3865 non
2290 3816 2406 3881 ipso
2445 3819 2557 3885 ejus
2591 3836 2706 3872 con-

1641 3883 1815 3933 sulatu
1837 3886 2136 3942 interemit.’

1709 3956 1736 3992 Β
1763 3960 1979 4029 Accivit]
2035 3967 2192 4018 Forte
2228 3971 2468 4023 custodes
2492 3973 2593 4039 ipsi
2617 3986 2703 4040 ap-

1644 4035 1799 4097 positi
1836 4053 1953 4090 eum
1982 4042 2095 4107 jam
2119 4058 2211 4095 suo
2239 4048 2454 4100 arbitrio
2489 4052 2702 4120 relique·-

1643 4117 1779 4172 rant,
1821 4124 1913 4166 aut
1950 4120 2280 4187 negligenter
2310 4127 2695 4179 custodiebant:

1642 4196 1734 4241 aut
1784 4191 1992 4257 quidam
2036 4197 2265 4261 ipsorum
2307 4199 2449 4268 fugoe
2488 4204 2602 4270 ejus
2645 4210 2699 4255 et

1639 4269 1876 4336 receptui
1895 4269 2155 4327 faverunt.
2656 4278 2680 4295 ’“
