3050 4917
496 399 684 480 m
1195 417 1262 470 c.
1307 418 1670 470 connum
1715 417 1975 470 'rAcirr
2380 424 2475 491 [Α.
2494 425 2717 482 um

496 559 741 644 dinem,
785 570 1009 631 vetere
1035 561 1218 643 odio,
1266 564 1355 630 ad
1400 564 1740 628 excidium
1790 561 2331 630 Cremonensium
2357 564 2709 640 mcum:

488 666 754 752 juvisse
803 675 1024 752 partes
1074 668 1493 745 Vitellianas,
1551 666 1858 732 Othonis⁸
1910 687 2176 753 quoque
2225 669 2426 748 bello,
2470 667 2700 735 mdo-

497 770 777 836 bantui:
822 790 982 836 mox
1013 769 1617 866 tertiadecimanos,
1656 770 1751 836 ad
1790 771 2266 838 exstruendam
2290 771 2720 856 amphithea-

496 881 667 941 trum
695 877 984 952 relictoS,
1026 879 1101 939 ut
1125 880 1276 938 sunt
1314 868 1634 957 procacia
1657 876 1926 940 urbane
1952 876 2218 959 plebis
2200 877 2484 959 ingenia,
2511 879 2707 958 petu-

494 975 791 1044 lantibus
825 979 1072 1062 jurgiis
1117 979 1479 1044 illuserant.
1570 976 1788 1043 Auxit
1837 978 2157 1042 invidiam
2184 978 2430 1043 editum
2456 976 2601 1042 illic
2632 969 2703 1041 ai

497 1079 776 1147 Caecina
821 1083 1257 1164 gladiatorum
1289 1082 1781 1167 spectaculum:
1828 1082 2222 1165 eademque²
2251 1079 2502 1145 rursust
2544 1077 2706 1144 belli

493 1182 722 1282 aedes,
706 1206 721 1220 ·
769 1191 835 1249 et
876 1186 1141 1269 proebiti
1189 1186 1258 1249 in
1287 1185 1436 1249 acie
1479 1183 1863 1250 Vitellianis
1892 1184 2062 1249 cibi.
2045 1191 2095 1221 ·¹²
2140 1202 2338 1248 caesae
2386 1181 2704 1265 quaed'am

496 1347 756 1412 libidinem,
776 1351 934 1414 prisca
955 1350 1226 1415 offensione,
1247 1351 1404 1415 erupit
1423 1351 1477 1401 in
1497 1353 1676 1401 cladem
1694 1350 2096 1401 Cremonensium.-
2126 1348 2536 1408 existimabantur,
2560 1349 2705 1398 etiam

502 1414 703 1464 Othonis
738 1417 870 1479 bello,
888 1416 1070 1476 fovisse
1106 1423 1267 1481 partes
1308 1417 1619 1474 Vitelliam-³3
1672 1417 1799 1479 dein,
1833 1421 1888 1465 ut
1922 1416 2155 1491 petulanti
2191 1415 2382 1477 ingenio
2421 1418 2491 1463 est
2524 1413 2704 1463 urbana

494 1478 750 1541 plebecula,
787 1481 973 1530 lascivis
995 1482 1179 1544 jurgiis
1196 1482 1446 1531 irriserant
1471 1482 1899 1544 tertiadecimanos,
1939 1481 2020 1545 qui
2041 1480 2108 1529 ibi
2130 1480 2287 1530 relicti
2316 1484 2451 1528 erant
2471 1482 2534 1527 ad
2556 1479 2704 1544 oedfi-

498 1545 693 1593 candum
714 1547 1132 1609 amphitheatrum.
1200 1541 1483 1597 Eri-bibitum
1513 1547 1613 1596 illic
1632 1563 1664 1596 a
1696 1548 1888 1596 Coeeina
1919 1546 2238 1608 gladiatorum
2272 1549 2510 1593 certamen
2545 1546 2704 1593 odium

496 1606 734 1669 iratendit5
765 1614 1014 1676 eademque
1034 1612 1185 1692 adbuc
1205 1628 1444 1662 armorum
1456 1614 1618 1663 sedes.-
1651 1618 1698 1662 et
1717 1611 1876 1661 obtata
1893 1612 2119 1661 alimenta
2148 1610 2456 1661 Vitellianis
2440 1625 2489 1657 m
2510 1610 2717 1674 proelio:

1095 1715 1104 1724 .
2626 1697 2651 1720 ⁰0

1422 1739 1478 1758 00
1483 1740 1597 1759 ‘UO‘
1602 1738 1717 1758 ‘O‘U
1722 1739 1780 1757 CO

558 1821 591 1868 2
624 1818 1060 1885 Praepositionem
1080 1837 1131 1887 a,
1152 1823 1390 1887 copulam
1412 1837 1502 1886 qne
1539 1836 1815 1887 perperam
1853 1821 2027 1874 omisit
2050 1821 2350 1885 Rhenanus,
2387 1817 2705 1870 adversanti·

1486 1956 1700 2009 NOTAE

383 3923 394 3927 ’
488 3922 580 3971 ine
602 3922 738 3970 solus
776 3923 927 3973 famae
964 3926 1227 3989 expositus
1251 3936 1398 3990 erat3

493 2072 720 2117 mentem
761 2084 905 2119 snam
938 2085 1039 2121 non
1068 2072 1296 2137 aperuit,
1334 2087 1400 2122 an
1433 2072 1560 2122 Cre-

491 2156 644 2193 mona
664 2146 808 2196 salva
828 2145 1006 2198 futura
1030 2156 1187 2213 esset,
1210 2165 1309 2202 nec
1333 2165 1417 2201 ne.
1472 2151 1561 2200 Pi·

489 2218 654 2272 ebena.

560 2295 621 2345 In
638 2299 877 2363 neutram]
909 2302 1138 2354 vocatos
1163 2304 1228 2354 ad
1254 2305 1559 2359 concionem

494 2384 671 2422 omnes
690 2376 954 2443 utriusque
973 2377 1218 2430 factionis
1238 2383 1427 2432 milites
1447 2384 1561 2432 allo-

494 2449 672 2515 quitur,
710 2454 981 2518 magnifice
1019 2458 1236 2522 victores,
1286 2461 1434 2510 victos
1468 2462 1557 2510 cle-

496 2530 696 2591 menter,
741 2530 807 2579 de
851 2532 1284 2587 Cremonensibus
1325 2537 1469 2599 nihil,
1504 2540 1559 2588 in

497 2603 752 2655 excidium
776 2611 1154 2674 oppidanorum
1184 2629 1395 2679 pronus,
1409 2622 1467 2665 ut
1483 2616 1558 2666 sic

492 2678 750 2735 imbueret
782 2688 997 2739 militem
1017 2690 1155 2740 civili
1175 2693 1388 2757 praeda:
1424 2694 1560 2758 quod

492 2761 774 2822 pessimum
824 2763 1026 2817 facinus
1084 2768 1241 2818 tribui
1306 2771 1561 2834 potuisset

493 2838 669 2887 servili
694 2840 910 2891 Hormi
898 2844 1123 2909 ingenio,
1146 2854 1236 2895 aut
1260 2847 1419 2896 etiam
1446 2849 1560 2897 aliis

492 2910 677 2977 legatis
714 2917 1007 2980 Flavianis3
1054 2922 1147 2970 sed
1190 2924 1205 2951 ‘
1228 2924 1423 2973 vernile
1453 2924 1560 2974 dic-

490 2995 600 3042 tum
644 3008 845 3044 omnem
887 2997 1136 3047 invidiam
1187 3000 1241 3049 in
1274 3000 1558 3051 Antonium

495 3070 687 3134 vertit‚’
707 3074 805 3123 ἄιε.

558 3147 620 3195 In
658 3150 898 3213 nentrum]
965 3152 1102 3203 Quia
1141 3155 1199 3202 de
1242 3155 1470 3204 Cremona
1503 3157 1557 3206 in

490 3231 709 3276 nentrum
730 3228 973 3279 disseruit
1003 3246 1096 3294 pro
1118 3234 1382 3293 concione,
1406 3242 1460 3283 et
1480 3251 1554 3285 ce·

490 3304 586 3351 teri
618 3306 756 3353 duces
786 3306 839 3355 in
875 3306 1080 3370 obscuro,
1114 3317 1169 3358 et
1210 3312 1368 3359 solum
1407 3313 1561 3361 Anto·

489 3380 623 3431 nium
651 3381 858 3441 fortuna
889 3384 1119 3450 famaque
1162 3388 1367 3438 omnium
1414 3392 1560 3439 oculis

491 3466 801 3523 exposuerat.-
824 3471 879 3511 et
915 3465 1037 3529 quia
1076 3464 1350 3527 infra,jam
1368 3467 1558 3532 flagra-

395 3567 400 3572 .
461 3533 572 3584 ,bat
612 3537 883 3600 Cremona,
928 3541 1136 3590 videtur
1188 3542 1447 3594 Antonius
1491 3545 1558 3595 de

491 3613 705 3664 consilio
728 3617 946 3665 aliorum
981 3618 1187 3681 ducum,
1220 3620 1294 3669 sic
1319 3637 1412 3686 pro
1437 3637 1556 3671 con-

489 3690 880 3742 cionelocutus.
946 3694 1016 3742 Et
1060 3695 1177 3758 quia
1217 3697 1290 3744 illi
1330 3699 1559 3761 obscuri,

489 3771 545 3816 et
584 3768 705 3832 quia
729 3768 843 3831 jam
882 3776 1004 3819 ante
1027 3785 1205 3821 vocem
1231 3788 1322 3822 seu
1352 3776 1555 3838 jussum

491 3841 705 3894 Antonii
747 3846 858 3908 jam
885 3848 1136 3911 flagrabat
1183 3851 1447 3914 oppidum,
1499 3860 1557 3902 et

1434 3930 1554 3979 ideo

490 3997 701 4048 videtur
736 4015 865 4049 unus
901 4002 987 4050 ille
1020 4004 1258 4054 babuisse
1281 4007 1475 4055 crimen
1500 4014 1556 4057 et

486 4074 735 4124 invidiam
759 4077 1020 4141 facinoris,
1042 4082 1187 4147 cujus
1222 4089 1278 4131 et
1309 4082 1447 4133 forte
1470 4086 1556 4134 alii

488 4152 705 4217 perinde
722 4157 916 4205 conscii
933 4172 992 4206 ac
1010 4161 1294 4222 participes
1310 4158 1552 4212 fuerunt:

486 4230 572 4279 vel
604 4231 787 4280 saltem
824 4233 900 4282 illi
936 4233 1153 4284 Antonii
1189 4239 1555 4289 auctoritatem

488 4305 652 4383 facile
665 4309 1025 4388 secutierant,
1062 4318 1119 4365 et
1156 4314 1355 4386 pariter
1376 4328 1552 4370 omues

1641 2076 2044 2123 consenserant:
2100 2069 2240 2135 quod
2281 2066 2464 2119 summi
2519 2063 2703 2130 flagitii

1640 2148 1757 2200 fuit.

1704 2226 1983 2289 ‘Othoniss
2017 2226 2231 2289 Semper
2269 2222 2489 2273 adversa
2527 2220 2703 2272 fuerat

1642 2302 1949 2354 Othonianis
1970 2303 2247 2363 Cremona,
2281 2308 2335 2350 et
2356 2299 2418 2348 iis
2440 2299 2530 2364 qni
2551 2306 2706 2347 antea

1639 2379 1723 2430 hic
1743 2380 1865 2429 victi
1888 2378 2116 2440 fuerant,
2138 2384 2193 2428 et
2214 2378 2302 2444 qui
2320 2390 2458 2426 nunc
2479 2375 2715 2425 victores

1637 2470 1755 2505 cum
1791 2455 2080 2518 Flavianis3
2115 2457 2290 2521 itaque
2330 2467 2467 2504 nunc
2499 2452 2717 2504 cladem·

1637 2534 1968 2600 doloremque
1987 2534 2391 2584 ulciscebantur.
2710 2535 2717 2542 “

1705 2612 1724 2645 ²
1759 2612 2027 2675 Eademque
2048 2610 2234 2674 rursus]
2277 2612 2472 2661 Fuerat
2494 2610 2733 2659 Cremo·-

1640 2704 1708 2739 na
1744 2689 1868 2740 belli
1908 2688 2058 2739 sedes
2101 2688 2393 2739 Vitellianis
2456 2688 2702 2738 adversus

1641 2765 1922 2829 Othonem,
1962 2782 2099 2816 nunc
2124 2774 2178 2817 et
2212 2767 2312 2816 illis
2345 2768 2508 2816 eadem
2542 2779 2708 2815 rursus

1639 2844 1748 2894 belli
1776 2847 1907 2894 sedes
1958 2843 2203 2894 adversus
2244 2842 2537 2894 Flaviano&
2605 2843 2705 2892 Ra-

1640 2917 1807 2971 tiones
1831 2919 1986 2972 affert
2012 2922 2218 2972 Tacitus
2252 2922 2358 2971 odii
2381 2935 2472 2970 seu
2494 2919 2705 2969 invidiae
2796 2959 2803 2963 .
2838 2953 2843 2958 -
2887 2951 2895 2959 -

1640 2998 1887 3047 adversus
1913 3000 2239 3058 Cremonam,
2262 2999 2400 3048 inter
2421 3012 2548 3063 quas
2576 2998 2708 3060 haec,
2800 3070 2807 3076 ‚
2896 3003 2903 3010 ’

1604 3122 1613 3132 ,
1638 3077 1776 3141 quod
1803 3077 1924 3126 belli
1948 3085 2003 3127 et
2028 3084 2150 3127 ante
2170 3077 2322 3128 ‘sedes
2345 3075 2553 3127 fuisset.

1703 3156 1831 3204 Erat
1871 3155 2030 3205 etiam
2082 3155 2219 3204 inter
2262 3153 2455 3204 excidii
2498 3167 2703 3216 causaS,

1637 3232 1772 3296 quod
1792 3232 2057 3296 praedandi
2071 3232 2364 3296 cupidinem
2378 3230 2712 3292 accenderet,

1640 3325 1829 3375 nempe
1851 3316 2032 3375 tempas
2047 3319 2298 3374 mercatus,
2322 3315 2377 3360 et
2401 3309 2538 3374 quod
2562 3323 2628 3359 ex
2652 3322 2707 3358 se

1640 3387 1782 3436 dives
1808 3394 1944 3437 esset
1966 3388 2184 3438 colonia.

1705 3471 1730 3497 ¹²
1761 3464 1967 3513 Proebili
1989 3498 2002 3514 .
2020 3464 2189 3528 ..cibiJ
2253 3466 2342 3514 De
2385 3479 2488 3529 qua
2528 3475 2586 3513 re
2630 3462 2706 3514 sic

1638 3541 1822 3590 scribit
1854 3542 1989 3591 Dio:
2026 3545 2041 3571 ‘
2061 3542 2160 3591 Cui
2192 3555 2294 3590 non
2318 3542 2502 3590 mirum
2537 3541 2711 3590 videa·

1641 3626 1754 3680 tur;
1792 3619 1926 3684 quod
1969 3631 2087 3668 cum
2128 3619 2369 3669 mulieres
2407 3634 2473 3669 ex
2511 3616 2707 3683 oppido

1638 3697 1909 3745 esculenta
1950 3703 2232 3762 potumque
2256 3697 2322 3746 de
2347 3702 2504 3746 nocte
2523 3696 2590 3745 ad
2616 3694 2723 3746 Vi··

1639 3773 1879 3823 tellianos
1904 3776 2221 3838 attulissent,
2237 3790 2339 3826 non
2361 3774 2515 3825 modo
2531 3789 2588 3824 se
2608 3773 2707 3838 ipsi

1638 3851 1756 3900 cibo
1795 3858 2044 3916 potuque,
2086 3851 2174 3900 sed
2201 3852 2360 3901 etiam
2384 3849 2707 3921 adversarios

1637 3928 1955 3993 refecerunt,
1977 3936 2033 3978 et
2063 3931 2441 3980 commilitones
2478 3930 2553 3979 sic
2580 3927 2707 3978 invi-

1637 4006 1837 4067 tabant,
1860 4007 1992 4069 Ede,
2023 4006 2163 4069 bibe,
2198 4021 2263 4056 ne
2287 4023 2368 4056 me
2392 4006 2593 4056 imbelli
2613 4011 2705 4056 aut

1635 4082 1953 4131 molliniana
1987 4082 2229 4132 occidas:
2265 4084 2343 4132 hae
2368 4088 2559 4134 nostrae
2600 4083 2723 4133 sint·

1635 4161 1867 4225 exequiae
1898 4161 2011 4228 jam
2033 4161 2201 4210 adhuc
2235 4160 2559 4211 viventibus!
2616 4159 2706 4210 vi-

1635 4238 1809 4288 tellius
1838 4244 1895 4287 et
1914 4238 2264 4302 Vespasianus
2294 4238 2488 4288 bellum
2517 4241 2705 4302 gerunt

1633 4314 1772 4365 inter
1789 4328 1865 4382 se,
1879 4319 1940 4364 ut
1961 4328 2053 4364 nos
2060 4313 2173 4379 jam
2193 4314 2316 4365 olim
2334 4314 2550 4365 mortuis
2569 4321 2719 4365 mac-,⁴
