3050 4917
519 411 696 482 30⁷6
1208 430 1277 479 o.
1324 426 1689 478 conssul
1735 413 1993 475 'mom
2382 423 2574 493 [Am.
2607 429 2729 477 ses.

516 596 666 642 nem
692 569 833 641 tam
869 573 1172 662 expediti
1212 573 1498 651 consilii,
1542 578 1620 637 ut
1659 572 1876 637 omnis
1922 576 2091 635 aetas
2136 566 2467 634 instructa
2514 563 2650 644 sit,t
2671 567 2743 628 et

518 679 851 763 quomodo
880 699 1071 745 senes
1098 677 1310 743 nostri
1359 675 1779 753 Marcellum,
1812 672 2149 757 Crispum,
2185 672 2469 756 juvenes
2501 669 2740 751 Regu-

515 781 677 860 lum,
728 783 1081 847 imitentur.
1172 777 1434 844 Invenit
1488 777 1690 842 etiam
1749 775 2030 840 aemulos
2080 774 2313 837 infelix
2360 764 2668 855 nequitia
2688 777 2742 836 :⁸

518 882 683 965 quid
728 885 790 947 si
841 883 1075 949 floreat
1110 883 1464 965 vigeatque
1480 880 1511 942 ‘l
1604 876 1690 941 Et
1746 869 1965 961 quem'
1990 875 2205 939 adhuc
2267 872 2746 952 Quaestorium

519 984 847 1050 offendere
897 1004 1030 1050 non
1076 983 1426 1058 audemuS,
1486 979 1881 1046 Praetorium
1930 984 2000 1043 et
2046 976 2485 1042 Consularem
2518 975 2744 1072 yisuri

515 1106 746 1153 sumus
761 1090 792 1152 ‘l
837 1086 952 1153 An
980 1086 1319 1152 Neronem
1345 1089 1714 1147 extremum
1744 1081 2152 1145 dominorum
2181 1080 2437 1163 putatis
2451 1080 2483 1141 ‘l
2539 1077 2745 1141 Idem

515 1187 955 1267 crediderant,
983 1190 1100 1273 qui
1120 1188 1422 1264 Tiberio,
1444 1185 1568 1269 ‚qui
1599 1183 1788 1262 Cain,
1821 1183 2212 1266 superstites
2240 1181 2537 1245 fuerunt:
2586 1199 2745 1243 cum

513 1290 785 1358 interim
809 1291 1245 1355 intestabilior
1272 1293 1337 1355 et
1363 1289 1639 1353 saevior*
1655 1280 1929 1351 exortus
1944 1294 1990 1332 ¹³
2016 1291 2143 1350 est.
2228 1283 2393 1347 Non
2419 1283 2747 1346 timemus

514 1390 1059 1476 Vespasianum:
1102 1411 1183 1455 ea
1208 1388 1547 1473 Principis
1579 1394 1772 1465 aetas,
1814 1408 1897 1452 ea
1925 1388 2313 1452 moderatio.
2405 1383 2546 1449 Sed
2594 1383 2747 1447 diu·

512 1492 647 1558 tius
677 1493 914 1558 durant
940 1492 1276 1575 exempla,
1306 1494 1507 1574 quam
1535 1496 1882 1553 mores.¹4'
1950 1487 2467 1571 ElanguimuS,¹⁵
2492 1487 2748 1551 Patres

515 1664 738 1727 consilii,
750 1672 809 1714 ut
818 1666 981 1715 omnis
996 1671 1123 1716 aetas
1141 1667 1443 1729 edoceatur,
1461 1674 1516 1717 et
1529 1668 1750 1731 juvenes
1767 1667 1921 1717 nostri
1943 1666 2198 1731 Regulum
2215 1665 2548 1725 aemulentur,
2560 1677 2752 1728 quem·

517 1730 793 1781 admodum
816 1745 966 1780 senes
1000 1731 1163 1780 nostri
1197 1732 1381 1781 imitati
1414 1738 1525 1781 sunt
1567 1734 1770 1795 Eprium
1801 1732 2130 1793 Marcellum,
2163 1737 2219 1781 et
2248 1730 2442 1780 Vibium
2475 1728 2751 1793 Crispum.

514 1795 738 1858 Repetit
760 1795 918 1844 etiam
940 1795 1226 1845 imitatores
1246 1796 1472 1846 infausta
1493 1797 1721 1846 malitia:
1758 1796 1880 1862 quid
1905 1798 1948 1845 si
1969 1796 2294 1860 approbetur
2314 1800 2368 1844 et
2392 1793 2623 1843 floreat?
2678 1793 2752 1841 Et

518 1875 672 1925 quem
696 1858 864 1908 adhuc
889 1861 1223 1924 quaestorium
1257 1860 1454 1910 laedere
1489 1860 1840 1921 formidamus,
1878 1876 1942 1909 an
1980 1861 2280 1932 praetorium
2318 1864 2373 1908 et
2410 1858 2754 1908 consularem

511 1924 778 1988 aspecturi
801 1925 1008 1973 sumus?
1042 1939 1107 1972 an
1129 1926 1392 1974 Neronem
1426 1926 1660 1974 ultimum
1699 1933 2032 1990 tyrannorum
2069 1924 2320 1974 creditis?
2370 1922 2525 1972 Idem
2564 1921 2756 1970 existi-

514 1997 810 2049 maverant,
826 1988 915 2052 qui
939 1989 1272 2051 supervixere
1290 1989 1517 2052 Tiberio,
1538 1998 1595 2038 et
1618 1990 1898 2053 Caligulae:
1935 2005 2051 2038 cum
2072 1990 2273 2038 interea
2291 1986 2675 2038 detestabilior
2699 1991 2755 2035 et

511 2053 785 2103 immanior
805 2052 996 2101 invasit
1015 2053 1381 2116 principatum.
1447 2055 1572 2104 Non
1588 2054 2281 2117 metuimnsVespasianum3
2316 2067 2381 2101 ea
2394 2050 2754 2115 Imperatoris

513 2123 662 2179 atas,
682 2132 748 2167 ea
766 2116 1038 2168 modestia.
1106 2118 1208 2167 Sed
1229 2118 1422 2168 diutius
1444 2124 1661 2168 manent
1678 2119 2023 2170 commissorum
2045 2118 2304 2183 exempla,
2328 2131 2484 2183 quam
2500 2115 2753 2167 virtute&

1439 2264 1498 2284 Ν
1500 2264 1738 2285 OOOOOO
1740 2265 1798 2284 ‘O

510 2361 673 2412 habet
691 2366 1029 2426 sequena—13
1065 2360 1164 2413 Ed.
1186 2377 1268 2426 pr.
1290 2367 1664 2427 exceptum—14
1698 2362 1787 2413 Ita
1808 2362 1937 2414 Mss.
1959 2369 2021 2412 et
2050 2361 2168 2412 libri
2207 2375 2390 2412 omnes
2425 2359 2585 2411 editi.
2657 2360 2749 2410 Se-

512 2425 686 2477 cunda
720 2432 922 2476 tantum
964 2442 1120 2475 manu
1155 2428 1255 2477 Ms.
1275 2425 1404 2491 Agr.
1427 2444 1567 2492 quam
1603 2429 1750 2490 linies,
1787 2428 1839 2477 id
1863 2434 1962 2490 est,
1994 2443 2133 2491 quum
2167 2428 2396 2477 homiues.
2465 2424 2655 2490 Atque
2677 2426 2754 2487 its⁴

513 2491 678 2542 vertit
696 2491 1025 2541 Davanzati:
1058 2492 1073 2519 ‘
1094 2492 1187 2540 Ma
1246 2492 1281 2540 li
1305 2492 1496 2541 nomini
1520 2507 1622 2542 non
1648 2493 1855 2554 vivono,
1877 2500 2072 2556 quanto
2108 2493 2180 2568 gli
2203 2489 2443 2555 esempi.’
2512 2491 2754 2555 Longius

515 2556 596 2607 Cl.
612 2555 854 2610 Gordon:
893 2557 909 2583 ‘
933 2556 1039 2604 But
1058 2570 1200 2604 more
1238 2557 1406 2622 asting
1430 2572 1518 2606 are
1540 2558 1626 2608 the
1649 2557 1910 2621 examples
1927 2555 1991 2606 of
2004 2558 2202 2622 justice
2224 2556 2328 2605 and
2346 2554 2608 2618 severity,
2624 2556 2753 2605 than

512 2619 558 2669 is
578 2621 667 2669 the
691 2619 845 2683 good,
871 2619 964 2680 but
988 2620 1248 2682 perishing
1280 2621 1372 2670 life
1395 2619 1460 2670 of
1490 2636 1591 2686 any
1612 2622 1802 2671 mortal
1825 2621 1981 2670 man?
2046 2620 2279 2685 Murphy
2303 2621 2377 2669 ita
2397 2619 2590 2681 vertit,
2614 2620 2632 2647 ‘
2659 2619 2755 2669 but

510 2685 684 2734 virtue
705 2692 948 2747 operates
972 2685 1172 2748 slowly,
1195 2684 1347 2734 while
1371 2687 1666 2750 pernicious
1688 2687 1953 2749 examples
1976 2686 2171 2735 remain
2195 2687 2249 2734 in
2272 2684 2436 2745 force,
2458 2684 2565 2732 and
2595 2684 2753 2734 teach

513 2762 547 2799 a
570 2754 761 2812 system
786 2746 849 2798 of
880 2749 1083 2811 cruelty
1102 2749 1254 2797 when
1286 2751 1374 2799 the
1412 2757 1589 2814 tyn-ant
1624 2751 1669 2799 is
1701 2765 1768 2799 no
1799 2749 1976 2800 more!
2046 2751 2265 2800 Frustra
2297 2754 2474 2799 tentat
2514 2748 2755 2811 Lipsius,

509 2821 872 2877 quarnamorea
892 2813 977 2861 vel
998 2828 1140 2875 quum
1159 2819 1388 2864 auctores.
1455 2814 1673 2864 Minime
1716 2814 1976 2878 displicet,
2015 2815 2170 2864 immo
2210 2820 2422 2863 acutum
2462 2820 2570 2874 est,
2604 2826 2754 2877 quan
2812 2831 2821 2846 ·

510 2892 681 2938 onor-es,
703 2877 781 2925 uti
795 2877 909 2939 jam
930 2877 1260 2942 observatum
1284 2884 1366 2930 est
1389 2878 1594 2942 Ryekio
1610 2887 1664 2929 et
1687 2880 1930 2930 Ernesto.
2000 2880 2050 2928 N
2055 2894 2116 2928 ee
2141 2879 2295 2928 aliter
2312 2878 2475 2927 vertit
2494 2878 2751 2928 Colonia:

513 2942 530 2970 ⁴
555 2940 692 2990 Pero
716 2941 766 2990 lo
791 2954 891 3003 que
909 2955 1004 2990 veo
1027 2955 1103 3003 es,
1125 2957 1223 3005 que
1250 2942 1410 2991 durau
1431 2957 1542 2991 mas
1563 2944 1641 2993 los
1663 2944 1950 3008 exemplos,
1973 2957 2073 3007 que
2098 2944 2173 2993 lus
2196 2942 2564 2993 costumbres.'
2626 2943 2755 2992 Bro-

510 3005 757 3056 ἤθη-15
794 3006 897 3054 Ms.
921 3002 1053 3069 Agr.
1075 3004 1159 3056 ed.
1182 3021 1262 3071 pr.
1284 3009 1600 3069 elangumoe.
2272 3040 2283 3048 ·

1515 3137 1730 3188 NOTAE

577 3229 594 3260 ²
628 3229 798 3279 Omnis
816 3234 937 3281 aetas
955 3232 1192 3283 instructa
1211 3232 1301 3297 sit]
1333 3233 1454 3284 Non
1477 3248 1581 3283 om·
1662 3241 1774 3284 tum
1800 3240 1948 3286 certe
1984 3233 2110 3299 quid
2147 3232 2328 3294 faciet,
2358 3232 2624 3298 quid·non
2647 3248 2755 3285 moa

511 3318 632 3355 nem
674 3304 813 3357 forte
853 3315 1064 3368 aetatem
1101 3310 1185 3359 hie
1227 3310 1448 3373 intelligi
1489 3310 1581 3359 de·
1660 3310 1820 3362 lietur
1863 3315 2042 3359 tantus
2086 3306 2297 3370 artifex,
2330 3309 2422 3373 qui
2461 3323 2522 3357 se
2563 3316 2751 3360 tenera

510 3387 651 3444 ceat,
670 3382 761 3431 sed
785 3389 845 3432 ut
863 3385 1014 3434 omnis
1030 3390 1148 3435 oetas
1166 3392 1327 3435 nostra
1346 3386 1583 3436 instructa
1654 3384 1769 3448 jam
1827 3391 1985 3435 aetate
2037 3384 2229 3434 imbuit
2270 3384 2602 3438 atrocissimo
2646 3400 2754 3437 κει

509 3457 608 3517 sit,·
641 3472 848 3523 nempe,
879 3474 1026 3510 senes
1061 3462 1223 3511 nostri
1259 3477 1292 3510 a
1325 3461 1582 3511 Marcello
1660 3462 1804 3510 lere?

510 3542 569 3587 et
608 3537 815 3601 Crispo,
852 3543 910 3587 et
943 3539 1104 3588 nostri
1155 3540 1372 3605 juvenes
1412 3553 1443 3587 a
1481 3539 1582 3588 Re·
1725 3544 1750 3569 V
1782 3536 2112 3586 Intestnln'lior
2144 3543 2195 3587 et
2231 3537 2430 3602 savior]
2486 3537 2750 3590 Inte-tabi-

513 3612 659 3677 gulo.
1576 3639 1583 3646 ·
1662 3612 1772 3673 lior,
1812 3627 1908 3675 pro
1946 3612 2325 3663 detestabilior.
2390 3615 2591 3665 Horat.
2625 3609 2679 3663 in
2701 3617 2749 3663 2.

577 3696 602 3722 ⁸
634 3689 820 3749 Infelix
873 3690 1110 3754 nequitia]
1180 3690 1366 3740 Potius
1424 3690 1583 3740 indis·
1658 3701 1815 3736 serm.
1878 3688 1895 3714 ⁴
1921 3687 2251 3737 Intestabilis
2293 3697 2353 3738 et
2397 3703 2555 3738 sacer
2599 3686 2748 3739 esto!

511 3761 683 3814 tincte
703 3766 835 3813 sumi
859 3765 1052 3827 debet;
1086 3779 1272 3830 nempe
1291 3767 1359 3815 de
1380 3767 1584 3816 univer·
1661 3764 1872 3813 'Pac-itus
1895 3766 1933 3815 l.
1952 3779 2006 3815 v.
2025 3764 2314 3815 Annalium
2339 3767 2407 3816 de
2422 3766 2643 3816 AEmilia
2658 3768 2750 3817 Le-

511 3837 583 3887 sis
629 3836 967 3901 delatoribus,
1010 3842 1098 3904 qui
1152 3842 1444 3903 praesertim
1488 3842 1582 3891 sub
1664 3840 1818 3903 pide:
1851 3841 1869 3870 ‘
1896 3855 2187 3906 quanquam
2209 3842 2551 3903 intestabilis,
2573 3848 2747 3893 tamen

508 3913 723 3964 Tiberio
736 3915 935 3964 mutuis
956 3916 1255 3965 vulneribus
1294 3924 1351 3965 et
1391 3917 1583 3979 praeliis
1662 3915 1920 3980 impunita
1940 3916 2169 3980 agebat!
2724 3961 2731 3966 .

510 4003 628 4039 sese
649 3990 873 4039 vicissim
895 3991 1323 4052 prosternebant.
1726 3992 1893 4041 Paulo
1937 4001 2074 4056 post,
2108 3993 2296 4044 eodem
2330 3994 2473 4044 libro
2496 3996 2568 4046 de
2589 3996 2744 4046 ‘ribe-

576 4061 700 4115 Fuit
734 4072 841 4114 tum
864 4065 1039 4125 infelix
1060 4067 1271 4129 nequitia
1293 4068 1403 4127 illa,
1425 4074 1481 4117 et
1505 4075 1582 4118 ta·
1661 4068 1770 4117 rio:
1803 4069 1819 4096 ‘
1845 4069 2173 4119 Intestabilis
2196 4071 2428 4133 saevitia,
2448 4072 2546 4121 sed
2570 4073 2745 4124 obtec-

510 4154 631 4193 men
673 4141 886 4190 aemulos
927 4141 1321 4206 imitatoresque
1365 4147 1579 4207 reperit.
1661 4144 1731 4194 tis
1753 4144 2094 4194 libidinibus?
2162 4145 2444 4197 Quum.

510 4217 625 4267 Iste
643 4214 807 4278 igitur
830 4217 986 4266 debet
1009 4217 1186 4284 statim
1216 4219 1423 4268 subrui:
1457 4234 1577 4269 nam
1721 4225 1757 4250 '¹
1787 4219 2201 4274 Diutiusdumat
2222 4224 2460 4286 exnnpla,
2480 4238 2632 4287 quan
2648 4237 2740 4276 na-

511 4290 559 4344 si
586 4290 655 4343 ad
688 4304 909 4342 summas
945 4292 1230 4357 dignitates
1263 4295 1582 4361 pervenerit,
1656 4293 1757 4359 res]
1789 4295 1857 4346 Id
1894 4303 1997 4361 est,
2036 4298 2144 4350 Hic
2177 4298 2377 4349 diutius
2417 4298 2625 4351 durant
2656 4313 2741 4351 ex·
