3050 4917
457 416 496 486 ΙΕ
615 487 624 494 a

445 571 648 655 nent,‘
685 574 1003 642 memoria
1029 572 1265 652 clediS,
1295 580 1458 658 qua⁵
1503 545 2000 659 ipsossg'cahioe
2048 570 2391 657 quondam
2434 575 2673 658 turpe...⁸

445 684 657 759 verat,
716 680 826 743 cui
893 677 964 741 id
1029 677 1276 741 animal
1337 677 1726 742 obnoxium.
1847 675 2146 758 Longam
2203 675 2365 740 olim
2419 674 2665 740 famem

449 771 697 849 crebris
726 780 948 847 adhuc
991 781 1267 866 jejuniis
1295 779 1627 844 fatentur:
1693 784 1761 844 et
1794 785 2143 861 raptarum
2187 778 2450 861 frugum
2480 798 2670 862 argu-
2732 785 2749 802 ‘

447 890 742 951 mentum
791 885 984 968 panis
1034 883 1392 962 Iudaicae,
1441 883 1627 947 nullo
1676 881 2019 961 fermento,
2069 879 2358 947 retinet.⁶
2449 888 2470 917 ‘
2503 883 2672 965 Sep·
2708 859 2717 882 ³

448 989 635 1053 timo⁷
668 988 777 1052 die
806 990 1013 1052 otium
1042 984 1426 1071 placuisse,’
1469 985 1729 1066 ferunt3
1790 989 1812 1019 ‘
1843 984 2001 1070 quia
2024 985 2085 1049 is
2115 984 2309 1049 finem
2341 986 2668 1050 laborum&

449 1090 703 1171 tulerit:
770 1091 946 1171 dein,
992 1089 1372 1155 blandiente
1422 1089 1685 1166 inertia,
1725 1090 2077 1172 septimum
2123 1109 2391 1173 quoque
2423 1108 2681 1153 annum-

450 1191 766 1278 ignaviae¹¹
821 1192 1093 1258 datum!
1208 1192 1376 1272 Alii,
1436 1197 1456 1226 ‘
1484 1193 1803 1258 honorem
1859 1212 2013 1257 eum
2075 1191 2360 1257 Saturno
2401 1192 2670 1256 haberi:

453 1315 575 1361 seu
602 1296 934 1382 principia
960 1297 1298 1380 religionis
1341 1297 1754 1362 tradentibus
1804 1294 2065 1377 Idaeis‚⁸
2120 1316 2293 1381 quos
2346 1315 2500 1360 cum
2551 1293 2675 1357 Sa·

453 1405 654 1464 turno
692 1400 934 1484 pulsos
982 1407 1047 1465 et
1092 1401 1467 1467 conditores
1506 1402 1717 1484 gentis
1764 1402 2176 1484 accepimuS‚
2208 1419 2328 1464 seu
2382 1398 2564 1483 quod
2606 1404 2675 1461 e⁹

1123 431 1204 481 .e.
1235 428 1619 480 ‚coenatu
1664 427 1929 479 *mem
2292 471 2305 482 ,
2347 406 2440 474 [A.
2464 408 2671 460 Ihm·

457 1564 592 1615 tubes
609 1565 773 1630 leprae
796 1566 907 1614 olim
932 1564 1219 1628 foeduverut,
1241 1581 1331 1629 qua
1352 1567 1405 1615 id
1422 1581 1574 1628 genus
1592 1565 1868 1617 animalium
1887 1567 2154 1630 plerunque
2174 1565 2405 1632 inficitur.
2476 1564 2682 1614 Diutur-

457 1646 571 1682 vums
606 1630 720 1679 otim
749 1632 998 1694 penuriam
1019 1629 1351 1694 frequentibus
1381 1631 1625 1682 etiamtum
1646 1631 1848 1693 jeiuniis
1884 1635 2169 1693 agnoscunt.-
2218 1637 2266 1681 et
2288 1634 2421 1694 rapti
2445 1629 2685 1690 frumeuti

458 1696 780 1744 documentum
818 1696 1007 1746 exhibet
1045 1696 1197 1747 adhuc
1227 1696 1366 1760 panis
1398 1698 1651 1759 Juduicus,
1699 1705 1880 1747 coctus
1914 1696 2086 1760 ubsque
2122 1695 2381 1757 fermento.
2468 1695 2691 1744 Tradunt

462 1760 687 1823 septimo
707 1762 794 1810 die
818 1762 1046 1824 quietem
1072 1761 1216 1811 cordi
1241 1760 1432 1823 fuisse;
1479 1763 1615 1826 quod
1658 1761 1702 1810 is
1741 1762 1937 1811 exitum
1962 1763 2196 1811 laborum
2218 1761 2461 1810 attulerit
2483 1777 2495 1808 :
2548 1760 2687 1823 dein,

460 1824 728 1875 arridente
764 1826 890 1889 otio,
924 1826 1202 1891 septimum
1241 1826 1400 1876 etium
1422 1840 1611 1875 annum
1635 1827 1838 1877 inertia·
1865 1827 2130 1876 tributum.
2200 1826 2326 1888 Atii,
2359 1826 2517 1874 decus
2555 1825 2684 1873 iliud

371 1909 378 1916 ·
462 1889 696 1939 exhiberi
719 1890 938 1940 Saturno
958 1907 973 1952 ;
1027 1906 1119 1941 seu
1142 1892 1264 1956 quia
1283 1892 1510 1942 docuere
1538 1893 1682 1942 initia
1705 1892 1972 1955 religionis
1995 1892 2146 1954 Ideni,
2172 1905 2302 1956 quos
2327 1905 2441 1940 cum
2465 1890 2687 1940 Saturno

462 1955 683 2020 ejectos,
718 1963 775 2006 et
810 1965 1051 2007 auctores
1087 1957 1267 2022 popuii
1287 1957 1484 2007 Juduici
1505 1957 1872 2021 comperiums,
1904 1971 1995 2006 seu
2030 1957 2153 2024 quia
2191 1971 2221 2006 e
2260 1963 2465 2021 septem
2508 1956 2690 2020 stelliS,

1394 2107 1755 2126 “esscetot“

463 2210 594 2248 voce
615 2197 1175 2249 comentientibua—6
1211 2199 1297 2249 Itu
1320 2199 1454 2249 Mss.
1482 2199 1624 2249 Flor.
1647 2200 1800 2250 Bodl.
1835 2200 1947 2251 JeS.
1969 2199 2313 2257 Puteolanus,
2350 2198 2604 2246 Ernestus
2627 2201 2685 2244 et

469 2262 804 2318 recentiores.
868 2264 997 2313 Mss.
1022 2265 1154 2327 Reg.
1189 2264 1346 2314 Corb.
1368 2265 1533 2315 editio
1558 2266 1820 2330 princeps,
1841 2272 1898 2314 et
1933 2264 2157 2328 Lipsius,
2194 2265 2316 2327 quod
2336 2262 2464 2326 ipsos
2483 2263 2658 2310 scubia
2671 2278 2692 2319 ,-

466 2334 523 2376 et
544 2327 617 2376 sic
640 2328 873 2378 Gronov.
896 2337 952 2377 et
977 2329 1229 2392 Ryckius.
1299 2329 1514 2393 Bipont.
1555 2331 1777 2386 mallent
1810 2330 2037 2393 quim—6
2072 2329 2157 2380 Sic
2198 2329 2332 2379 bene
2371 2323 2694 2377 Puteolanus

469 2397 526 2441 et
549 2393 881 2444 recentiores.
948 2391 1013 2443 In
1036 2393 1265 2443 editione
1290 2395 1531 2457 principe
1552 2396 1768 2459 aliisque
1792 2396 2069 2456 nonnullis,
2090 2396 2348 2444 detinetur.
2406 2391 2515 2442 Ms.
2539 2392 2705 2448 Harl.

467 2458 717 2507 retinetur.
764 2457 1088 2508 Brotier.-—-7
1124 2459 1229 2510 Ms.
1268 2459 1428 2510 Corb.
1466 2461 1669 2524 septima
1705 2461 1899 2510 dia-S
1933 2460 2019 2509 Sic
2045 2460 2176 2510 bene
2201 2460 2411 2523 Lipsius
2434 2466 2492 2507 et
2515 2471 2695 2506 recen·

469 2522 648 2572 tiores.
714 2523 859 2573 Male
881 2523 1011 2572 Mss.
1037 2530 1094 2574 et
1114 2531 1322 2574 veteres
1346 2524 1621 2587 editiones,
1654 2526 1857 2575 Judaeis.
1923 2525 2256 2575 Brotier.—-9
2290 2526 2376 2573 Sic
2400 2524 2534 2574 bene
2559 2522 2697 2572 Rhe·

468 2594 633 2637 nanus
670 2593 725 2637 et
763 2589 1099 2641 recentiores.
1167 2589 1231 2639 In
1271 2590 1539 2640 veteribus
1580 2590 1911 2654 editionibus»,
1947 2590 2067 2655 quod
2104 2591 2164 2640 de
2195 2594 2388 2654 septem.

1471 2723 1522 2774 N
1531 2722 1688 2772 01*AE

473 2817 818 2884 pracederet,
838 2820 893 2869 in
933 2820 1143 2872 deserto
1166 2811 1382 2873 Hebraei
1413 2821 1543 2887 figu-
1624 2828 1755 2886 tum,
1813 2828 1939 2872 sunt
1982 2823 2069 2888 qui
2106 2818 2336 2887 putent.’
2419 2820 2492 2869 Et
2529 2815 2698 2868 infra:

474 2902 679 2958 rerunt,
703 2903 762 2945 ut
795 2896 871 2946 ait
905 2898 1244 2949 Lactantius:
1283 2914 1385 2965 quo
1419 2914 1544 2965 pec·
1622 2899 1638 2928 ‘
1664 2900 1735 2949 Et
1771 2896 2006 2950 fortassis
2029 2899 2223 2949 rationi
2260 2899 2360 2947 hoc
2401 2896 2702 2947 consentit:

474 2978 595 3022 ceto
613 2987 676 3022 ac
693 2974 891 3023 scelere
912 2972 1136 3025 offensus
1151 2977 1316 3038 Dens,
1331 2976 1544 3040 impium
1627 2977 1765 3027 sicut
1798 2978 1943 3027 asino
1968 2993 2090 3027 suus
2110 2984 2193 3027 est
2216 2974 2356 3041 apud
2389 2990 2480 3026 eos
2520 2976 2704 3038 bonor,

474 3055 533 3099 et
554 3049 815 3113 ingratum
852 3053 1098 3177 ροᾶιιὴιω
1132 3052 1373 3115 gravibus
1392 3053 1545 3102 meri·
1628 3054 1716 3120 qui
1750 3052 1953 3105 fontem
1988 3070 2134 3120 equae
2176 3053 2252 3103 eis
2299 3050 2699 3113 demonstravit,

477 3125 650 3190 tisque
674 3127 837 3189 poenis
859 3142 889 3175 a
961 3128 1054 3192 cit,
1083 3130 1251 3180 Exodi
1272 3134 1355 3179 32.
1429 3131 1546 3180 Ver·
1629 3132 1702 3181 ita
1725 3147 1869 3181 suem
1905 3146 1994 3181 eos
2032 3129 2284 3194 revereri,
2307 3136 2366 3179 ut
2400 3128 2612 3178 sationis
2648 3133 2702 3177 et

2456 2589 2696 2639 Idem.—

476 3205 608 3252 trum

544 3277 567 3312 f
609 3278 709 3329 Sue
739 3279 999 3345 abstinent]
1060 3281 1148 3332 Sic
1170 3290 1227 3332 et
1247 3284 1437 3333 Strabo
1458 3283 1546 3334 lib.

481 3368 603 3406 xvi.
657 3370 723 3405 ex
767 3358 1136 3420 superstitione
1183 3359 1424 3410 instituta
1468 3369 1550 3410 est

479 3432 712 3484 carnium
726 3432 1060 3496 abstinentia,
1070 3441 1127 3484 et
1139 3436 1552 3486 circumcisiones

482 3516 541 3561 et
574 3509 880 3561 excisiones.
965 3511 1040 3560 At
1072 3510 1274 3563 Judoeis
1316 3519 1554 3564 vetuerat

481 3586 759 3648 Dominus,
796 3602 912 3651 quae
949 3602 1049 3637 non
1089 3589 1391 3650 ruminaret,
1426 3589 1557 3640 licet

482 3662 704 3726 pedibus
729 3663 901 3713 bifidis
922 3672 1083 3728 esset,
1109 3680 1239 3714 suem
1262 3666 1555 3731 comedere,
1582 3686 1589 3692 ·

484 3739 698 3805 ejusque
741 3743 983 3804 cadaver,
1023 3743 1162 3804 quod
1216 3742 1554 3806 immundum,

484 3817 807 3880 contingere.
875 3818 1099 3868 Levitici
1123 3823 1201 3868 ll.
1276 3820 1494 3874 Vei-trun.

550 3894 649 3944 Sue
667 3895 924 3960 abstinent]
987 3896 1127 3945 Plut.
1149 3896 1186 3945 l.
1210 3909 1288 3945 tv.
1309 3897 1552 3961 Sympos.

485 3969 502 3998 ‘
526 3972 681 4024 Quod
704 3973 877 4021 autem
898 3972 991 4022 Sui
1013 3974 1248 4034 parcitur
1283 3989 1314 4021 a
1332 3974 1556 4037 Judaeis,

486 4046 633 4113 isque
676 4052 726 4098 in
764 4050 956 4098 honore
992 4049 1229 4110 babetur,
1269 4065 1370 4099 non
1411 4061 1556 4101 caret

487 4125 705 4176 ratione.
776 4120 962 4174 Primo‘
987 4126 1124 4175 enim
1153 4142 1240 4176 sus
1278 4127 1361 4191 (ut
1385 4126 1555 4191 aiunt)

479 4208 656 4258 rostro
682 4212 873 4252 terram
910 4202 1111 4253 findens
1145 4205 1420 4268 vestigium
1446 4219 1556 4254 aru-

488 4277 644 4328 tionis
664 4280 944 4342 impressit,
964 4294 1025 4330 ac
1047 4281 1262 4331 vomeris
1282 4297 1412 4345 opus
1434 4267 1559 4332 sub-

490 4355 818 4420 musti-svit,
854 4369 1009 4421 quem
1055 4356 1251 4423 bynnin
1288 4358 1411 4410 inde
1447 4359 1559 4412 dic-

1630 3209 1879 3258 arutionis
1904 3206 2246 3272 magistrum!

1695 3292 1722 3330 s
1752 3284 1964 3350 Septimo
2001 3286 2079 3335 die
2114 3284 2455 3347 otium....quia
2487 3284 2534 3332 is
2551 3282 2705 3347 finem

1630 3361 1863 3425 taborum]
1913 3362 2073 3412 Ratio
2095 3361 2223 3411 falsa
2245 3368 2347 3412 est.
2413 3362 2545 3410 Eam
2567 3361 2703 3409 enim

1634 3440 1730 3489 sibi
1763 3441 1902 3490 diem
1934 3440 2000 3490 ab
2039 3439 2189 3490 initio
2213 3438 2523 3488 saeculorum
2546 3436 2707 3500 elegit

1633 3517 1798 3579 Deus,
1821 3517 2159 3582 religioseque
2199 3516 2424 3579 populus
2461 3513 2615 3562 etiam
2653 3513 2705 3561 in

1634 3592 1862 3659 AEgypto
1906 3600 1964 3642 et
2007 3593 2058 3641 in
2115 3592 2328 3642 deserto
2381 3589 2700 3641 observavit.

1642 3670 1863 3720 Vertruu.

1608 3797 1611 3802 ⁴
1700 3745 1726 3780 ἱ
1757 3747 2021 3811 Septimum
2059 3762 2237 3812 quoque
2267 3760 2442 3797 uranum
2474 3741 2705 3809 ἰέθάῡῖθ]

1633 3825 1776 3874 Vitio
1797 3826 1968 3875 ·vertit
2003 3825 2271 3887 Etbnicus,
2302 3824 2446 3889 quod
2487 3839 2556 3872 ex
2592 3824 2704 3886 lege

1636 3901 1739 3951 Dei
1760 3908 1856 3963 est,
1875 3901 2099 3951 Levitici
2121 3905 2205 3951 25.
2238 3901 2254 3929 ‘
2275 3901 2381 3951 Sex
2406 3900 2553 3950 annis
2569 3912 2704 3948 seres

1636 3993 1812 4042 agrum
1837 3984 1998 4041 tuum,
2020 3985 2075 4027 et
2114 3991 2205 4027 sex
2242 3978 2387 4026 annis
2410 3976 2618 4041 putabis
2640 3975 2709 4025 vi·

1638 4070 1807 4117 neam,
1841 4047 2156 4120 conigesque
2188 4053 2391 4104 fructus
2415 4053 2559 4118 ejus:
2596 4067 2706 4117 sep·

1639 4131 1763 4180 timo
1781 4138 1953 4180 autem
1971 4145 2103 4180 anno
2123 4130 2397 4181 sabbatum
2414 4131 2518 4180 erit
2536 4137 2704 4192 term,

1638 4206 1975 4271 requietionis
1998 4205 2231 4268 domini;
2277 4219 2461 4270 agrurn
2496 4220 2596 4257 non
2628 4219 2702 4255 se·

1636 4297 1738 4347 res,
1774 4284 1975 4333 vineam
2007 4300 2109 4334 non
2133 4285 2354 4349 putabis,
2375 4291 2564 4349 sponte
2586 4289 2703 4333 nats

1638 4374 1745 4411 non
1767 4361 2104 4428 metes,’&c.;
2124 4362 2307 4430 sicque
2319 4375 2390 4413 ex
2402 4360 2524 4414 odio
2545 4373 2701 4413 error.
