3050 4917
972 373 1508 426 mercantem!
1556 375 1707 427 mn.
1756 372 1858 426 lv.
2312 361 2495 432 3108

273 526 448 611 ipsis
476 523 923 607 obsequium,v
967 541 1103 605 quo
1148 522 1589 587 incautiorem
1633 519 1971 587 Voculam
2016 524 2491 608 opprimerent.

280 628 433 696 Nec
462 626 750 702 defuere,
790 627 907 710 qui
953 625 1241 691 Voculae
1284 627 1676 692 nuntiarent.
1764 625 1901 689 Sed
1948 626 2125 692 vires
2174 627 2260 691 ad
2304 627 2494 693 coer-

277 732 558 798 cendum
585 719 876 806 deerant,
903 729 1459 813 infrequentibusw
1494 728 1867 812 infidisque⁵
1898 728 2288 810 legionibus.
2377 728 2495 795 In-

276 839 377 898 ter
404 834 755 915 ambiguos
783 832 1026 897 milites
1046 842 1112 896 et
1140 832 1443 896 occultos
1477 832 1726 909 hosteS,
1751 829 2107 915 optimum⁶
2133 853 2171 895 e
2196 845 2493 915 praesen-

274 937 459 1006 tibus
502 942 716 1015 ratuS,
761 940 992 1001 mutua
1038 935 1590 1004 dissimulatione⁷
1620 940 1687 999 et
1713 935 1972 1014 iisdem,
2018 936 2266 1019 quibus
2313 939 2497 1020 pete·-

271 1040 490 1117 batur,
515 1037 792 1112 artibus⁸
805 1039 1149 1120 ‚grassari;
1178 1039 1247 1101 in
1277 1036 1606 1103 coloniam
1628 1035 2186 1121 Agrippinensem
2219 1038 2503 1103 desem-

274 1142 395 1208 dit.
440 1147 444 1151 ’
487 1141 660 1206 Illuc
693 1140 1021 1208 Claudius
1050 1140 1302 1216 Labeo,
1333 1159 1554 1222 quem,
1582 1145 1858 1222 captum
1885 1145 1953 1204 et
1985 1145 2179 1206 extra
2205 1157 2497 1205 conven-

275 1253 447 1311 tum⁹
461 1253 489 1282 ¹
511 1244 944 1311 ,amandatum
972 1245 1043 1309 in
1072 1241 1349 1319 Frisios»,
1384 1240 1699 1319 diximus,
1730 1241 2065 1325 corrupfis
2092 1247 2280 1307 custo
2291 1242 2496 1308 dibus

274 383 329 438 J.
350 383 415 436 c,
438 381 548 447 ra]

273 1403 469 1462 Gallias
512 1417 811 1463 commotores
854 1413 979 1462 belli.
1050 1413 1192 1462 Ficta
1228 1411 1484 1474 conjuratis
1518 1410 1803 1472 obedient-ia,
1831 1428 1921 1474 quo
1941 1410 2150 1472 facilius
2178 1410 2503 1475 inopinantem

277 1477 506 1529 Voculam
538 1477 944 1527 circumvenirent.
1012 1477 1250 1538 Etfaere,
1270 1479 1350 1541 qai
1383 1478 1605 1527 Voculam
1635 1478 1954 1526 manent.
2021 1476 2116 1525 Sed
2138 1477 2264 1525 uires
2285 1478 2351 1525 ed
2374 1491 2499 1525 cm-

264 1543 570 1610 primu-dum
602 1558 694 1593 non
729 1542 1057 1606 suppetebant,
1093 1544 1319 1593 invalidis
1361 1547 1410 1592 et
1437 1542 1679 1602 ambiguis
1709 1542 1986 1603 legionibus.
2053 1543 2190 1590 Inter
2207 1541 2500 1607 dabioefidei

271 1606 476 1668 milites,
499 1613 546 1657 et
567 1607 914 1657 dissimulantes
936 1608 1105 1670 hostes,
1123 1609 1411 1657 tutissimam
1441 1623 1467 1656 e
1489 1606 1804 1669 praesentibus
1825 1606 2106 1669 arbitratus,
2128 1606 2331 1654 vicissim
2352 1606 2496 1655 sinui-

274 1672 441 1734 mdo,
461 1678 511 1721 et
530 1673 720 1734 iisdem,
742 1673 907 1735 quibus
926 1672 1303 1737 oppugnabar,
1323 1675 1445 1723 dolis
1463 1672 1717 1735 obrepers5
1754 1672 1809 1720 iu
1829 1672 2071 1723 avitam
2103 1672 2499 1734 Agrippinensem

273 1751 326 1786 se
347 1738 565 1786 contulit.
632 1737 752 1786 Illac
777 1739 1005 1787 Claudius
1026 1738 1202 1800 Labeo,
1236 1753 1370 1802 quem
1407 1738 1634 1798 vinctim»,
1673 1742 1721 1786 et
1751 1741 1892 1786 extra
1911 1737 2159 1785 concilium
2181 1738 2500 1786 Batavorum
2527 1793 2531 1800 ,

277 1801 553 1864 ablegatum
572 1801 625 1851 in
647 1801 848 1867 Frisios,
880 1803 1258 1867 memoravimus,
1280 1804 1536 1852 solicitatis
1554 1802 1638 1866 qui
1659 1802 1883 1851 custodiae
1909 1802 2114 1866 appositi
2137 1806 2293 1864 eram,
2313 1801 2463 1851 evasit
2477 1817 2504 1862 ς

1213 1933 1574 1958 eeeeeeeeeee

281 2035 315 2082 6
350 2030 460 2081 Ms.
502 2029 632 2095 Agr.
672 2036 728 2082 et
758 2029 920 2081 editio
947 2033 1214 2097 princeps,
1254 2036 1677 2100 opportunum—7⁷
1715 2033 1820 2084 Ms.
1840 2032 1996 2082 Bodl.
2020 2032 2275 2082 discordia.
2342 2030 2418 2083 At
2448 2029 2504 2082 in

276 2096 520 2160 margine
565 2096 738 2160 habet,
772 2098 1257 2148 dissimulatione—8
1292 2097 1376 2148 Ita
1418 2098 1520 2149 Ms.
1562 2096 1691 2162 Agr.
1727 2098 2046 2147 Puteolanus
2078 2105 2134 2148 et
2169 2096 2504 2147 recentiores.

276 2161 402 2211 Nec
430 2161 630 2211 variant
649 2161 778 2211 Mss.
805 2163 956 2212 Harl.
994 2163 1148 2213 Bodl.
1185 2163 1297 2214 Jes.
1356 2161 1404 2211 A
1439 2163 1563 2211 Mss.
1588 2163 1730 2212 Flor.
1754 2163 1885 2226 Reg.
1911 2169 1968 2211 et
2004 2163 2232 2211 editione
2268 2160 2507 2226 principe

278 2226 457 2285 abest,
476 2225 678 2277 artibus.
745 2226 900 2280 Quod
920 2227 1126 2292 quidem
1149 2227 1405 2292 probabat
1430 2228 1547 2279 Jac.
1570 2227 1885 2288 Gronovius,
1908 2242 1974 2276 ne
1996 2232 2124 2276 artes
2144 2230 2206 2276 de
2230 2228 2291 2276 iis
2314 2225 2508 2275 fraudi-

277 2290 380 2341 bus
403 2290 723 2343 dicerentur.
789 2293 882 2352 At,
922 2297 1052 2342 artes
1082 2307 1146 2343 eo
1183 2307 1338 2342 sensu
1378 2307 1410 2342 a
1450 2293 1596 2342 Livio
1633 2292 1983 2358 Sallustioque
2015 2298 2287 2356 usurpatas
2325 2290 2506 2354 fuisse,

277 2354 471 2405 merito
494 2357 738 2407 observat
761 2358 840 2408 Cl.
857 2359 1124 2408 Ernestus.
1159 2358 1477 2408 Bronten—⁴9
1499 2359 1647 2407 Bene
1665 2358 1771 2405 Ms.
1794 2356 1925 2420 Agr.
1950 2357 2227 2408 Rhenanus
2250 2363 2307 2406 et
2331 2370 2511 2408 recen·

279 2420 465 2498 tior-es,
484 2427 774 2472 conventum.
807 2422 871 2472 In
896 2423 997 2473 ΜΘ.
1021 2424 1150 2487 Reg.
1170 2430 1224 2472 et
1248 2422 1562 2472 editionibus
1581 2423 1861 2485 veteribus,
1882 2428 2206 2472 commentam.
2242 2423 2345 2471 Ms.
2365 2421 2508 2476 Flor.

280 2506 509 2551 comm
563 2501 691 2551 Mss.
730 2500 881 2550 Harl.
916 2499 1028 2551 Jes.
1061 2500 1372 2549 continentem
1395 2514 1593 2549 amnem.
1651 2499 1756 2547 Ms.
1782 2499 1936 2548 Bodl.
1960 2503 2267 2548 commentam
2288 2511 2472 2547 amnem
2488 2511 2509 2554 ‚·

282 2572 342 2614 et
366 2566 420 2614 in
444 2566 696 2629 margine,
716 2566 1028 2615 continentem
1051 2579 1148 2628 pro
1170 2570 1490 2614 commentum.
1548 2562 1681 2613 Inde
1719 2564 1957 2613 tentabat
1990 2564 2336 2628 Boxbornius,
2367 2567 2510 2611 extra

276 2633 943 2680 continentemamandatum.
1012 2629 1085 2679 At
1107 2630 1310 2689 melius,
1335 2632 1627 2678 conventam.
1665 2626 1988 2678 Amandatus
2007 2629 2144 2677 enim
2162 2627 2333 2676 fuerat
2358 2633 2509 2676 extra

281 2702 601 2746 conventum
623 2698 957 2755 Batavorum,
979 2701 1033 2744 et
1055 2696 1107 2743 in
1138 2694 1322 2743 Frisios
1353 2699 1591 2755 avectus,
1631 2700 1690 2742 ut
1722 2693 1924 2742 dictum
1960 2699 2044 2743 est
2073 2708 2230 2755 supra
2263 2693 2403 2741 Hist.
2429 2704 2509 2741 tv.

284 2763 370 2810 18.
404 2760 570 2809 Tanto
604 2760 787 2810 melius
819 2769 994 2809 autem
1028 2758 1223 2809 dicitur
1244 2764 1555 2820 conventus,
1578 2756 1716 2823 quod
1742 2758 1915 2821 plures
1949 2759 2288 2807 convenirent
2313 2756 2510 2822 popul-i,

283 2825 502 2887 Batavi,
537 2824 925 2885 Canninefates,
968 2823 1215 2873 Marsaci.
1280 2824 1366 2873 Sic
1407 2822 1547 2886 apud
1583 2822 1829 2883 Plinium,
1864 2836 1950 2871 111.
1984 2826 2033 2871 3.
2070 2829 2126 2871 et
2159 2836 2212 2872 v.
2243 2825 2323 2870 29.
2362 2820 2511 2869 multi

283 2890 596 2953 populorum
614 2898 901 2939 conventus
922 2889 1266 2939 celebrantur.
1331 2888 1653 2937 Amanaatm
1686 2886 1882 2937 liabent
1916 2888 2041 2936 Mss.
2077 2885 2205 2951 Agr.
2232 2886 2383 2935 Bodl.
2405 2884 2514 2933 Pu-

284 2955 528 3006 teolanus
550 2962 605 3006 et
625 2955 964 3006 recentiores.
1029 2953 1096 3004 In
1131 2954 1237 3004 Ms.
1265 2953 1395 3019 Reg.
1425 2959 1482 3004 et
1510 2951 1747 3003 editione
1768 2952 2022 3018 principe,
2043 2953 2357 3002 emendatum.
2424 2949 2513 3016 Ita

1297 3133 1519 3184 NOTAE

360 3262 387 3288 v
417 3252 703 3305 similatum
750 3255 868 3319 ipsis
915 3255 1203 3320 obsequium]
1279 3256 1363 3307 An

294 3332 484 3394 Gallis,
503 3346 567 3380 an
593 3332 831 3381 Batavis?
868 3334 1002 3383 Nam
1024 3331 1193 3383 infra:
1225 3333 1242 3361 ⁴
1263 3333 1368 3382 Vo-

290 3410 418 3462 cula
435 3408 705 3458 Gallorum
723 3407 907 3459 fraude
927 3409 1172 3460 illectus!
1207 3410 1369 3473 Puto,

292 3486 375 3537 illi
413 3485 554 3536 Galli
594 3490 713 3534 sunt
746 3486 1005 3536 Classicus
1039 3487 1153 3537 scil.
1188 3502 1248 3538 ac
1269 3488 1368 3536 Tu-

296 3570 421 3622 tor3
457 3562 544 3625 qui
580 3560 758 3610 statim
795 3561 1044 3610 Voculam
1071 3561 1367 3626 deseruere,

294 3647 355 3690 et
375 3654 493 3689 cum
513 3638 785 3688 Germanis
810 3638 938 3687 inita
960 3638 1233 3702 societate,
1256 3655 1367 3704 pro-

297 3716 472 3782 prium
493 3714 675 3763 vallum
701 3714 798 3763 sibi
818 3714 1068 3764 muniere.

365 3800 399 3825 '¹
419 3788 825 3855 Infrequentibus]
848 3790 984 3842 Quia
1008 3790 1195 3840 robora
1215 3792 1371 3856 legio-

299 3885 426 3921 num
461 3886 491 3918 a
521 3868 734 3918 Vitellio
759 3868 1001 3928 abducta,
1026 3874 1080 3917 et
1104 3869 1372 3918 restabant

299 3947 480 3998 inania
503 3951 703 3995 tantum
728 3946 961 4006 nomina;
995 3953 1085 3994 aut
1111 3946 1371 4009 suppletae

302 4026 519 4078 fuerant
541 4026 770 4089 legiones
793 4024 937 4073 novis
956 4031 1010 4073 et
1034 4024 1244 4075 licentia
1262 4039 1374 4074 cor·

304 4104 478 4171 ruptis
502 4103 770 4154 militibus.

371 4192 397 4217 '¹
432 4186 595 4234 Extra
630 4182 927 4245 conventum]
957 4180 1199 4244 Accipio,
1220 4188 1373 4232 extra

268 4281 274 4286 ’
309 4268 623 4315 conventum
662 4259 907 4319 socialem
949 4258 1173 4323 ejectum
1210 4257 1278 4310 ab
1310 4258 1375 4309 iis

1447 3253 1703 3322 omnibus,
1721 3256 1811 3322 qui
1833 3267 1977 3310 arma
1996 3256 2049 3306 in
2077 3257 2335 3310 Romanos
2355 3254 2514 3319 junx·

1446 3333 1623 3383 issent.
1690 3333 1898 3397 Lipsius.

1516 3410 1637 3460 Non
1673 3410 1738 3460 ab
1773 3409 2004 3459 omnibus
2042 3410 2277 3473 ejectum
2313 3408 2403 3459 sed
2428 3407 2515 3460 Ci-

1448 3487 1566 3536 vilis
1589 3501 1726 3550 eum,
1744 3491 1803 3545 ut
1836 3488 2092 3547 aemulum,
2124 3486 2336 3547 amovit,
2358 3489 2514 3549 supra

1450 3579 1499 3614 c.
1525 3568 1605 3615 18.
1625 3565 1640 3592 ‘
1659 3564 1742 3614 Ne
1764 3563 2093 3626 interfectus,
2110 3562 2353 3612 invidiam
2374 3559 2516 3625 apud

1448 3642 1748 3704 populares,
1774 3641 1856 3691 vel
1882 3640 1926 3689 si
1962 3639 2294 3701 retineretur,
2317 3637 2518 3688 semina

1450 3718 1727 3769 discordiae
1763 3718 2066 3783 praeberetz'
2099 3716 2234 3782 quod
2273 3730 2409 3766 nunc
2440 3712 2516 3765 sa-

1450 3796 1544 3847 cit.
1594 3796 1817 3847 Amotus
1841 3797 1995 3846 estin
2017 3794 2228 3854 Frisios,
2251 3799 2390 3843 extra
2411 3808 2516 3845 con-

1450 3877 1640 3922 ventum
1678 3873 2014 3932 Batavorum,
2054 3886 2119 3919 ne
2159 3870 2268 3920 scil.
2292 3884 2513 3920 conven-

1453 3949 1549 4011 tui,
1583 3954 1672 3998 aut
1719 3948 1943 3997 consiliis
1979 3947 2161 3996 Civilis
2201 3952 2256 3997 et
2281 3944 2516 4010 aliorum,

1452 4026 1830 4076 adversaretur.

1519 4104 1681 4153 Extra
1718 4107 1989 4158 conventam
2033 4099 2359 4163 amandatum]
2414 4100 2519 4151 No·

1454 4182 1624 4231 luerat
1659 4180 1795 4230 enim
1819 4180 1997 4229 Civilis
2036 4180 2331 4230 Labeonem
2359 4178 2516 4228 inter·

1457 4269 1573 4316 esse
1593 4257 1821 4313 conciliis
1844 4258 2159 4310 Batavorum
2182 4255 2531 4326 reliquorumz
