3050 4917
437 349 619 422 aeoe
1147 367 1226 417 c.
1266 364 1630 417 conmuni
1648 369 1655 374 ·
1676 365 1937 414 narrt
2329 365 2424 436 [Α.
2442 371 2515 423 υ.
2538 344 2657 425 saa.

440 513 586 583 busj
605 517 838 595 victae,
872 515 993 581 sed
1029 521 1102 581 ut
1147 513 1582 599 gignuntur.¹²
1646 513 2057 586 *Praedixere
2087 509 2543 600 HaruspiceS,
2574 537 2660 582 ne

443 615 892 685 temeraretur*
940 639 1116 702 opus
1163 637 1335 682 saxo
1388 637 1659 696 aurove,
1703 618 1776 681 in
1824 618 2010 682 aliud
2039 619 2389 686 destinato.
2481 619 2661 685 Altis

445 721 610 788 tudo
640 723 901 787 aedibus
930 722 1214 806 adjecta.
1307 719 1389 784 Id
1440 721 1661 784 solum
1707 722 1935 803 religio
1987 740 2278 788 annuere
2302 719 2341 788 :¹
2382 728 2449 788 et
2475 724 2661 808 prio·

445 819 591 891 ris¹³
623 827 855 909 templi
883 825 1393 908 magnificentiae
1425 824 1716 890 defuisse
1744 824 2151 889 creditum.¹4

531 930 641 993 54.
687 926 943 993 Audita
987 930 1244 993 interim
1288 948 1407 1012 per
1462 927 1726 992 Gallias
1766 926 2295 1012 Germaniasque
2325 949 2505 995 mors
2533 930 2663 995 Vi-

446 1030 610 1095 tellii
639 1031 1092 1116 duplicaverat
1114 1032 1383 1097 bellum.
1476 1031 1661 1096 Nam
1691 1030 1955 1109 Civilis,
1999 1033 2256 1096 omissa
2280 1032 2664 1098 dissimula-'-

445 1133 647 1211 tione,'
700 1136 770 1199 in
822 1134 1160 1217 Populum
1212 1134 1596 1200 Romanum
1637 1153 1844 1199 ruere.
1934 1133 2320 1199 Vitellianae
2362 1135 2664 1218 legiones

446 1236 576 1301 vel¹
606 1241 954 1303 externum
979 1238 1386 1318 servitium‚¹¹¹
1408 1257 1611 1324 quam
1644 1235 2118 1321 Imperatorem
2133 1236 2664 1320 Vespasianum,

434 1444 715 1507 fodinarum
756 1446 1007 1509 primitiae,
1048 1448 1189 1497 nullis
1221 1447 1415 1512 ignibus
1452 1448 1664 1507 domita»,
1707 1449 1791 1498 sed
1830 1453 1886 1499 ut
1935 1451 2242 1510 generantur.
2333 1414 2672 1497 Praemmm'

449 1510 739 1574 haruspices,
758 1526 817 1560 ne
836 1513 1240 1563 contaminaretur
1260 1515 1382 1563 oedes
1398 1514 1557 1577 lapide
1580 1517 1654 1563 vel
1674 1529 1807 1574 auro,
1831 1514 1882 1563 in
1903 1515 2048 1563 alium
2066 1529 2200 1562 asum
2220 1512 2474 1561 destinato.
2509 1510 2673 1560 Subli-

447 1573 594 1625 ‘mitas
614 1575 834 1635 adiuncta
855 1578 1061 1627 delubro.
1129 1579 1189 1627 Id
1210 1594 1356 1628 unum
1377 1585 1578 1628 mutare
1595 1578 1815 1642 permisit
1834 1593 2086 1642 augurum
2104 1577 2280 1640 religio
2298 1593 2316 1635 ,-
2348 1577 2394 1625 et
2419 1575 2475 1626 id
2497 1575 2673 1626 existi·

449 1646 629 1689 rnatum
655 1647 735 1690 est
757 1641 960 1700 defuisse
982 1644 1137 1691 decori
1174 1649 1222 1693 et
1260 1644 1565 1708 amplitudini
1600 1646 1856 1707 superioris
1889 1644 2089 1709 delubri,
2120 1660 2208 1707 quo
2240 1648 2378 1692 tanta
2412 1640 2675 1692 multitado

452 1704 722 1754 mortalium
742 1707 972 1756 contineri
994 1707 1171 1757 debuit.

517 1769 708 1818 Interea
728 1785 855 1819 mors
883 1772 1066 1822 Vitellii
1080 1788 1168 1836 per
1195 1772 1384 1823 Gallias
1409 1773 1783 1837 Germaniasque
1804 1776 2000 1836 vulgata
2019 1779 2219 1824 ars-‘rerat
2241 1773 2428 1822 bellam.
2487 1771 2678 1835 Quippe

461 1834 651 1898 Civilis,
730 1836 826 1885 sita
848 1837 974 1886 omni
991 1838 1204 1901 ambage,
1225 1839 1472 1901 imperium
1496 1840 1634 1888 Rom.
1658 1839 1880 1888 invadere
1899 1839 2080 1903 coepit.
2145 1839 2378 1901 Legiones
2403 1836 2679 1887 Vitellianae

451 1898 657 1963 proefere
685 1906 772 1951 ant
806 1903 879 1952 vel
909 1908 1180 1953 extraneam
1212 1903 1507 1974 servitutem,
1533 1904 1742 1968 principi
1771 1905 2072 1969 Vespasiano.
2143 1904 2277 1953 Galli
2291 1904 2344 1954 in
2359 1918 2492 1968 spem
2513 1902 2679 1963 erecti,

1378 2049 1613 2069 “5000“
1619 2047 1736 2068 ‘Ol‘

458 2147 522 2195 12
555 2145 658 2194 Ms.
698 2147 840 2197 Flor.
865 2152 920 2197 et
942 2147 1102 2197 editio
1126 2148 1388 2211 princepS,
1405 2150 1488 2197 sed
1507 2152 1563 2196 at
1581 2148 1852 2210 signantur.
1910 2147 2014 2197 Ms.
2052 2147 2208 2199 Corb.
2233 2152 2281 2196 et
2318 2152 2373 2197 ut
2407 2146 2681 2208 signanter.

454 2210 557 2259 Ms.
580 2210 710 2275 Agr.
749 2213 907 2277 viem,
926 2215 1010 2262 sed
1028 2218 1075 2263 et
1096 2214 1343 2274 signanter
1373 2213 1643 2275 praedixere
1680 2212 1967 2275 haruspices,
2002 2216 2084 2277 ᾅτ.
2151 2212 2306 2263 Quod
2337 2212 2540 2274 Ryekio
2573 2224 2680 2258 non

455 2273 720 2338 displicet.
786 2276 861 2325 At
920 2278 1195 2327 immerito.
1253 2278 1598 2328 Brotier.-13
1648 2279 1754 2326 Ms.
1795 2277 2024 2327 Budens.
2057 2278 2431 2340 primaria—14
2467 2272 2683 2324 Ernesti

457 2352 576 2387 cum
593 2340 840 2390 Brotiero
862 2342 1078 2405 aliisque
1099 2348 1336 2391 servarat
1358 2343 1439 2391 hic
1458 2342 1621 2390 verba
1639 2357 1652 2389 z
1673 2357 1762 2406 quo
1777 2348 1917 2392 tanta
1940 2343 2012 2391 eis
2029 2342 2265 2392 &omninum
2286 2342 2538 2392 retinenda
2559 2343 2682 2389 erat.

453 2403 559 2454 sed
581 2405 775 2455 rectius
800 2406 867 2455 ad
892 2421 941 2455 c.
962 2410 1045 2456 46.
1066 2405 1396 2458 referuntur:
1434 2406 1486 2455 id
1512 2420 1592 2456 res
1635 2407 1735 2458 iee.
1808 2406 2024 2457 Oberlin.

524 2472 551 2520 1
588 2468 678 2519 Ita
701 2470 834 2522 Mss.
859 2472 998 2523 Flor.
1036 2472 1165 2537 Reg.
1206 2472 1358 2522 Harl.
1382 2470 1538 2531 Bodl.
1614 2486 1687 2522 es.
1724 2471 1853 2537 Agr.
1892 2470 2069 2524 Guelf.
2106 2470 2366 2522 editiones
2390 2437 2611 2523 veteres:
2623 2473 2682 2521 et

1460 2670 1677 2723 NOTAE

456 2801 825 2865 fundamentis.
903 2816 1019 2865 Nisi
1055 2814 1194 2867 forte
1236 2815 1374 2866 idem
1417 2817 1524 2867 sint
1614 2818 1766 2868 turba
1786 2814 2080 2867 fundebat?
2134 2816 2219 2866 Sic
2252 2815 2306 2864 in
2339 2815 2470 2866 loeis
2504 2789 2687 2877 saeris,

458 2891 562 2941 illoe
589 2889 780 2954 argenti
812 2893 1010 2955 aurique
1044 2893 1190 2958 stipes
1228 2902 1284 2944 et
1316 2894 1524 2943 metallw

459 2981 568 3017 ram
598 2969 833 3038 primitiae
854 2968 1008 3018 nullis
1045 2969 1248 3032 ignibus
1279 2970 1522 3031 domitae3

457 3043 536 3093 ita
565 3049 627 3093 ut
658 3044 760 3093 illae
778 3043 925 3109 stipes
947 3043 1141 3096 fuerint
1163 3046 1274 3112 auri
1298 3046 1524 3111 argenti-

460 3115 561 3184 q‘ne
580 3120 778 3171 infecti.

525 3198 668 3247 Puto
692 3203 863 3247 tamen
895 3209 985 3249 eas
1022 3198 1185 3263 stipes
1218 3197 1376 3249 fnisse
1415 3200 1529 3249 anri

461 3276 769 3338 argentique
802 3276 1006 3338 signati.
1071 3276 1208 3326 Nam
1240 3275 1377 3339 apud
1404 3276 1530 3325 Sue-

463 3356 572 3401 ton.
605 3349 743 3415 Aug.
765 3357 849 3403 5⁰7.
870 3358 886 3381 ⁴
912 3353 1109 3404 Omnes
1132 3353 1337 3402 ordines
1368 3353 1421 3401 in
1456 3353 1530 3402 la-

463 3441 579 3479 cum
619 3429 788 3479 Curtii
811 3430 1108 3493 quotannis,
1143 3443 1208 3478 ex
1245 3436 1386 3491 voto,
1432 3444 1530 3494 pro

465 3506 638 3555 salute
651 3506 761 3569 ejus
779 3497 966 3571 stipem
982 3506 1285 3571 jaciebant?
1341 3508 1412 3556 Et
1443 3511 1528 3556 90.

462 3588 479 3615 ‘
497 3581 583 3637 Ex
619 3593 876 3637 nocturno
898 3588 1013 3637 visu
1050 3587 1236 3651 stipem
1262 3586 1532 3651 quotannis

464 3660 551 3711 die
574 3670 722 3713 certo
745 3664 1110 3713 emendicabat
1150 3679 1180 3713 a
1213 3664 1427 3728 populo,
1449 3678 1533 3712 ca·

464 3751 580 3788 vam
600 3754 803 3788 manum
826 3753 967 3789 asses
998 3740 1381 3804 porrigentibus
1402 3752 1536 3802 prae-

463 3813 625 3863 bens.⁹
670 3816 774 3867 Ubi
795 3823 935 3877 nota,
956 3831 1083 3865 asses
1102 3817 1274 3866 datos.

533 3891 663 3954 Ejus
687 3892 843 3941 etiam
869 3895 1072 3956 generis
1090 3892 1192 3942 fuit
1212 3898 1395 3953 strena,
1417 3906 1534 3956 qnae

468 3966 593 4018 Kal.
637 3968 757 4019 Jan.
804 3967 928 4019 data
973 3966 1213 4033 Augusto
1251 3968 1409 4017 etiam
1448 3968 1535 4017 ab·

466 4043 623 4105 senti,
647 4059 798 4108 quam
839 4053 895 4093 et
934 4059 1052 4093 mox
1090 4046 1240 4093 edixit
1281 4045 1534 4105 Caligula.

468 4119 617 4168 Suet.
664 4124 750 4169 42.
782 4120 1115 4183 “Stetitque
1172 4120 1224 4167 in
1274 4119 1536 4169 vestibulo

468 4197 656 4246 tedium
678 4197 745 4246 ad
767 4198 1054 4261 captandas
1074 4197 1256 4260 stipes,
1280 4213 1405 4261 quas
1427 4200 1538 4262 ple-

466 4272 549 4333 tis
586 4274 826 4325 manibus
864 4289 926 4325 ae
979 4274 1097 4326 sinu
1139 4275 1304 4325 omnis
1335 4277 1536 4341 generis

1607 2900 1700 2944 ant
1724 2909 1848 2959 quos
1873 2907 2079 2944 sacrare
2099 2893 2314 2943 vellent.
2363 2893 2686 2942 Sozomenus

1605 2972 1644 3020 l.
1670 2985 1736 3021 ιι.
1774 2970 1862 3019 nbi
1887 2970 1952 3020 de
1977 2984 2171 3033 quercu
2196 2969 2421 3031 Mamre,
2445 2974 2503 3018 et
2523 2973 2688 3031 puteo

1607 3045 1679 3095 ibi
1702 3045 1889 3096 effosso
1908 3063 1920 3094 ε
1942 3044 2087 3095 ἄλλοι
2107 3046 2148 3095 δ’
2161 3044 2378 3109 {tipus-ror
2397 3044 2687 3107 νομίσματα,

1608 3124 1880 3173 ἆαοίὠαηΐ’
1911 3125 1996 3173 alii
2037 3124 2348 3173 numismata.-
2400 3137 2519 3189 quae
2567 3126 2688 3174 sunt

1607 3203 1770 3267 stipes.

1632 3293 1637 3298 ·
1676 3277 1695 3321 3
1709 3280 1778 3327 Et
1801 3280 2096 3327 metallorum
2110 3267 2342 3341 primitiae
2357 3276 2508 3325 nullis
2515 3275 2690 3336 forna·

1610 3355 1765 3419 cibas]
1787 3354 1872 3405 Sic
1896 3356 2068 3406 l..xvr.
2094 3356 2110 3383 ‘
2135 3354 2255 3403 Non
2279 3353 2332 3400 in
2352 3351 2576 3401 formam
2599 3366 2688 3416 pe-

1610 3433 1798 3493 cuniae,
1821 3432 1912 3481 sed
1934 3431 2049 3481 rudi
2073 3436 2129 3480 et
2153 3430 2373 3494 antiquo
2410 3425 2690 3493 pondere.’

1675 3507 1700 3542 ¹¹
1734 3510 1814 3559 Ne
1849 3506 2185 3570 temeraretur]
2235 3505 2688 3556 Quemadmodum

1612 3586 1859 3651 reliquias
1884 3585 2075 3634 veteris
2101 3584 2281 3646 templi
2314 3582 2444 3631 nulli
2470 3583 2559 3631 alii
2577 3581 2692 3631 usui

1614 3664 1864 3727 prodesse
1886 3662 2085 3726 volunt,
2097 3661 2188 3709 sed
2206 3660 2259 3709 in
2284 3660 2502 3723 patudes
2524 3659 2693 3724 avehi,

1615 3754 1683 3789 ne
1714 3740 1828 3790 scil.
1868 3740 2200 3789 calcarentur
2239 3745 2295 3787 et
2319 3738 2598 3807 despectui
2619 3736 2691 3787 fo·

1616 3823 1764 3866 rent}
1798 3817 1874 3865 ita
1894 3822 1950 3865 et
1972 3815 2162 3864 nullam
2183 3815 2473 3873 materiam,
2498 3829 2618 3878 quae
2641 3814 2691 3863 in

1616 3893 1754 3942 aliud
1791 3887 1933 3955 opus‘
1955 3891 2219 3941 destinata
2254 3889 2465 3951 fuisset,
2513 3893 2692 3941 volunt

1619 3971 1815 4032 templo
1838 3982 1971 4018 novo
1995 3970 2310 4018 exstruendo
2334 3968 2611 4018 inservire.

1683 4043 1697 4077 ¹
1733 4047 1794 4094 Id
1832 4047 1980 4093 solum
2019 4044 2192 4106 religio
2240 4045 2470 4108 annuere]
2524 4046 2693 4109 Supra

1619 4122 1845 4185 dixerat,
1884 4123 1900 4149 ‘
1925 4122 2065 4183 nolle
2109 4124 2276 4186 Deos,
2317 4122 2513 4171 mutari
2557 4128 2694 4172 vete·

1617 4213 1728 4248 rem
1749 4198 2003 4251 formam.’

1685 4280 1722 4308 m
1758 4275 2031 4325 Externum
2050 4242 2323 4342 servitium]
2368 4273 2440 4325 ld
2470 4247 2571 4341 est,
2602 4273 2689 4324 im,-
