<?xml version="1.0" encoding="UTF-8"?>
<!DOCTYPE html PUBLIC "-//W3C//DTD XHTML 1.0 Transitional//EN"
    "http://www.w3.org/TR/xhtml1/DTD/xhtml1-transitional.dtd">
<html xmlns="http://www.w3.org/1999/xhtml" xml:lang="en" lang="en">
 <head>
  <title>
</title>
<meta http-equiv="Content-Type" content="text/html;charset=utf-8" />
  <meta name='ocr-system' content='tesseract 3.04.00' />
  <meta name='ocr-capabilities' content='ocr_page ocr_carea ocr_par ocr_line ocrx_word'/>
</head>
<body>
  <div class='ocr_page' id='page_1' title='image "./operaomnia06tacigoog_0198.png"; bbox 0 0 3050 4917; ppageno 0'>
   <div class='ocr_carea' id='block_1_1' title="bbox 513 336 2729 428">
    <p class='ocr_par' dir='ltr' id='par_1_1' title="bbox 513 336 2729 428">
     <span class='ocr_line' id='line_1_1' title="bbox 513 336 2729 428; baseline 0.009 -28"><span class='ocrx_word' id='word_1_1' title='bbox 513 336 691 416; x_wconf 71' lang='lat'><strong>2928</strong></span> <span class='ocrx_word' id='word_1_2' title='bbox 1181 397 1190 410; x_wconf 85' lang='grc'><strong>.</strong></span> <span class='ocrx_word' id='word_1_3' title='bbox 1215 355 1283 406; x_wconf 81' lang='lat' dir='ltr'><strong>c.</strong></span> <span class='ocrx_word' id='word_1_4' title='bbox 1329 354 1696 414; x_wconf 59' lang='lat' dir='ltr'><strong>connubii</strong></span> <span class='ocrx_word' id='word_1_5' title='bbox 1743 353 1999 406; x_wconf 71' lang='lat' dir='ltr'><strong>‘rscrri</strong></span> <span class='ocrx_word' id='word_1_6' title='bbox 2403 360 2501 428; x_wconf 64' lang='lat' dir='ltr'><strong>[A.</strong></span> <span class='ocrx_word' id='word_1_7' title='bbox 2523 360 2729 420; x_wconf 60' lang='lat' dir='ltr'><strong>mssa</strong></span> 
     </span>
    </p>
   </div>
   <div class='ocr_carea' id='block_1_2' title="bbox 516 498 2734 1199">
    <p class='ocr_par' dir='ltr' id='par_1_2' title="bbox 516 498 2734 1199">
     <span class='ocr_line' id='line_1_2' title="bbox 518 498 2730 587; baseline -0 -19"><span class='ocrx_word' id='word_1_8' title='bbox 518 501 682 569; x_wconf 53' lang='lat' dir='ltr'><strong>dia}¹</strong></span> <span class='ocrx_word' id='word_1_9' title='bbox 767 500 1006 586; x_wconf 88' lang='lat' dir='ltr'><strong>Ipsum</strong></span> <span class='ocrx_word' id='word_1_10' title='bbox 1033 517 1196 566; x_wconf 85' lang='lat' dir='ltr'><strong>sane</strong></span> <span class='ocrx_word' id='word_1_11' title='bbox 1228 505 1500 578; x_wconf 78' lang='lat' dir='ltr'><strong>senem,r</strong></span> <span class='ocrx_word' id='word_1_12' title='bbox 1543 504 1611 563; x_wconf 91' lang='lat' dir='ltr'><strong>et</strong></span> <span class='ocrx_word' id='word_1_13' title='bbox 1660 499 1999 583; x_wconf 81' lang='lat' dir='ltr'>prosperis</span> <span class='ocrx_word' id='word_1_14' title='bbox 2042 498 2483 587; x_wconf 77' lang='lat' dir='ltr'><strong>adversisque</strong></span> <span class='ocrx_word' id='word_1_15' title='bbox 2526 505 2730 574; x_wconf 80' lang='lat' dir='ltr'><strong>satia·</strong></span> 
     </span>
     <span class='ocr_line' id='line_1_3' title="bbox 518 601 2731 696; baseline 0 -25"><span class='ocrx_word' id='word_1_16' title='bbox 518 610 683 696; x_wconf 85' lang='lat' dir='ltr'><strong>tum.</strong></span> <span class='ocrx_word' id='word_1_17' title='bbox 773 603 1125 687; x_wconf 77' lang='lat' dir='ltr'><strong>Sedquod</strong></span> <span class='ocrx_word' id='word_1_18' title='bbox 1153 622 1419 682; x_wconf 89' lang='lat' dir='ltr'><strong>nomen,</strong></span> <span class='ocrx_word' id='word_1_19' title='bbox 1449 622 1645 686; x_wconf 91' lang='lat' dir='ltr'><strong>quem</strong></span> <span class='ocrx_word' id='word_1_20' title='bbox 1692 607 1938 670; x_wconf 83' lang='lat' dir='ltr'><strong>statum</strong></span> <span class='ocrx_word' id='word_1_21' title='bbox 1974 601 2112 667; x_wconf 90' lang='lat' dir='ltr'><strong>filio</strong></span> <span class='ocrx_word' id='word_1_22' title='bbox 2159 603 2332 687; x_wconf 83' lang='lat' dir='ltr'><strong>ejuS,</strong></span> <span class='ocrx_word' id='word_1_23' title='bbox 2380 605 2731 676; x_wconf 81' lang='lat' dir='ltr'><strong>Germani·</strong></span> 
     </span>
     <span class='ocr_line' id='line_1_4' title="bbox 519 699 2729 794; baseline 0 -20"><span class='ocrx_word' id='word_1_24' title='bbox 519 714 650 787; x_wconf 74' lang='lat' dir='ltr'><strong>co,⁸</strong></span> <span class='ocrx_word' id='word_1_25' title='bbox 673 706 807 771; x_wconf 85' lang='lat' dir='ltr'><strong>fore</strong></span> <span class='ocrx_word' id='word_1_26' title='bbox 831 707 861 769; x_wconf 78' lang='lat' dir='ltr'><strong>&#39;l</strong></span> <span class='ocrx_word' id='word_1_27' title='bbox 953 699 1155 770; x_wconf 83' lang='lat' dir='ltr'><strong>Nunc</strong></span> <span class='ocrx_word' id='word_1_28' title='bbox 1201 705 1557 790; x_wconf 89' lang='lat' dir='ltr'><strong>pecuniam</strong></span> <span class='ocrx_word' id='word_1_29' title='bbox 1605 711 1673 770; x_wconf 93' lang='lat' dir='ltr'><strong>et</strong></span> <span class='ocrx_word' id='word_1_30' title='bbox 1696 704 2032 776; x_wconf 78' lang='lat' dir='ltr'><strong>,familiam</strong></span> <span class='ocrx_word' id='word_1_31' title='bbox 2062 712 2132 772; x_wconf 85' lang='lat' dir='ltr'><strong>et</strong></span> <span class='ocrx_word' id='word_1_32' title='bbox 2158 707 2408 773; x_wconf 75' lang='lat' dir='ltr'><strong>beatos‘</strong></span> <span class='ocrx_word' id='word_1_33' title='bbox 2436 708 2729 794; x_wconf 78' lang='lat' dir='ltr'><strong>Campa-</strong></span> 
     </span>
     <span class='ocr_line' id='line_1_5' title="bbox 517 806 2732 900; baseline 0 -23"><span class='ocrx_word' id='word_1_34' title='bbox 517 810 649 900; x_wconf 78' lang='lat' dir='ltr'><strong>niae</strong></span> <span class='ocrx_word' id='word_1_35' title='bbox 678 810 896 875; x_wconf 79' lang='lat' dir='ltr'><strong>sinus²¹</strong></span> <span class='ocrx_word' id='word_1_36' title='bbox 923 808 1247 893; x_wconf 85' lang='lat' dir='ltr'>promitti:</span> <span class='ocrx_word' id='word_1_37' title='bbox 1294 806 1471 884; x_wconf 58' lang='lat' dir='ltr'><strong>scafe</strong></span> <span class='ocrx_word' id='word_1_38' title='bbox 1509 807 1625 872; x_wconf 89' lang='lat' dir='ltr'><strong>ubi</strong></span> <span class='ocrx_word' id='word_1_39' title='bbox 1657 806 2022 891; x_wconf 83' lang='lat' dir='ltr'><strong>Imperium</strong></span> <span class='ocrx_word' id='word_1_40' title='bbox 2049 808 2516 895; x_wconf 76' lang='lat' dir='ltr'><strong>Vespasianus</strong></span> <span class='ocrx_word' id='word_1_41' title='bbox 2547 811 2732 877; x_wconf 69' lang='lat' dir='ltr'><strong>inva-</strong></span> 
     </span>
     <span class='ocr_line' id='line_1_6' title="bbox 516 909 2732 997; baseline 0 -19"><span class='ocrx_word' id='word_1_42' title='bbox 516 913 720 993; x_wconf 67' lang='lat' dir='ltr'><strong>serit,5</strong></span> <span class='ocrx_word' id='word_1_43' title='bbox 749 931 887 977; x_wconf 88' lang='lat' dir='ltr'><strong>non</strong></span> <span class='ocrx_word' id='word_1_44' title='bbox 913 913 1102 997; x_wconf 72' lang='lat' dir='ltr'><strong>ipsi,v</strong></span> <span class='ocrx_word' id='word_1_45' title='bbox 1143 930 1275 975; x_wconf 92' lang='lat' dir='ltr'><strong>non</strong></span> <span class='ocrx_word' id='word_1_46' title='bbox 1304 909 1581 982; x_wconf 75' lang='lat' dir='ltr'><strong>amicis&#39;</strong></span> <span class='ocrx_word' id='word_1_47' title='bbox 1621 909 1791 994; x_wconf 77' lang='lat' dir='ltr'><strong>ejus,</strong></span> <span class='ocrx_word' id='word_1_48' title='bbox 1816 915 1959 975; x_wconf 70' lang='lat' dir='ltr'><strong>non‘</strong></span> <span class='ocrx_word' id='word_1_49' title='bbox 1977 912 2260 996; x_wconf 73' lang='lat' dir='ltr'><strong>denique</strong></span> <span class='ocrx_word' id='word_1_50' title='bbox 2288 913 2732 984; x_wconf 64' lang='lat' dir='ltr'><strong>exercitibus*</strong></span> 
     </span>
     <span class='ocr_line' id='line_1_7' title="bbox 516 1053 2733 1120; baseline -0 -12"><span class='ocrx_word' id='word_1_51' title='bbox 516 1055 788 1108; x_wconf 76' lang='lat' dir='ltr'><strong>discrimen</strong></span> <span class='ocrx_word' id='word_1_52' title='bbox 805 1071 871 1106; x_wconf 84' lang='lat' dir='ltr'><strong>ex</strong></span> <span class='ocrx_word' id='word_1_53' title='bbox 892 1054 1342 1107; x_wconf 78' lang='lat' dir='ltr'><strong>commiseratione</strong></span> <span class='ocrx_word' id='word_1_54' title='bbox 1359 1053 1609 1104; x_wconf 71' lang='lat' dir='ltr'><strong>orituram.</strong></span> <span class='ocrx_word' id='word_1_55' title='bbox 1674 1053 1855 1116; x_wconf 87' lang='lat' dir='ltr'><strong>Ipsum</strong></span> <span class='ocrx_word' id='word_1_56' title='bbox 1875 1054 2081 1120; x_wconf 81' lang='lat' dir='ltr'><strong>quidem</strong></span> <span class='ocrx_word' id='word_1_57' title='bbox 2097 1055 2209 1120; x_wconf 78' lang='lat' dir='ltr'><strong>jam</strong></span> <span class='ocrx_word' id='word_1_58' title='bbox 2225 1061 2384 1106; x_wconf 78' lang='lat' dir='ltr'><strong>oetate</strong></span> <span class='ocrx_word' id='word_1_59' title='bbox 2402 1062 2733 1120; x_wconf 83' lang='lat' dir='ltr'><strong>provectum,</strong></span> 
     </span>
     <span class='ocr_line' id='line_1_8' title="bbox 516 1118 2734 1199; baseline 0.001 -29"><span class='ocrx_word' id='word_1_60' title='bbox 516 1135 580 1171; x_wconf 82' lang='lat' dir='ltr'><strong>ac</strong></span> <span class='ocrx_word' id='word_1_61' title='bbox 602 1122 843 1172; x_wconf 85' lang='lat' dir='ltr'><strong>secundis</strong></span> <span class='ocrx_word' id='word_1_62' title='bbox 865 1120 1302 1199; x_wconf 66' lang='lat' dir='ltr'><strong>improsperisque</strong></span> <span class='ocrx_word' id='word_1_63' title='bbox 1322 1119 1459 1170; x_wconf 78' lang='lat' dir='ltr'><strong>rebus</strong></span> <span class='ocrx_word' id='word_1_64' title='bbox 1490 1118 1704 1169; x_wconf 87' lang='lat' dir='ltr'><strong>fessum.</strong></span> <span class='ocrx_word' id='word_1_65' title='bbox 1768 1121 1871 1169; x_wconf 85' lang='lat' dir='ltr'><strong>Sed</strong></span> <span class='ocrx_word' id='word_1_66' title='bbox 1911 1132 2065 1186; x_wconf 87' lang='lat' dir='ltr'><strong>quem</strong></span> <span class='ocrx_word' id='word_1_67' title='bbox 2097 1121 2322 1183; x_wconf 85' lang='lat' dir='ltr'><strong>titulum,</strong></span> <span class='ocrx_word' id='word_1_68' title='bbox 2357 1135 2511 1188; x_wconf 86' lang='lat' dir='ltr'><strong>quam</strong></span> <span class='ocrx_word' id='word_1_69' title='bbox 2535 1128 2734 1174; x_wconf 77' lang='lat' dir='ltr'><strong>sortem</strong></span> 
     </span>
    </p>
   </div>
   <div class='ocr_carea' id='block_1_3' title="bbox 513 1175 2736 1318">
    <p class='ocr_par' dir='ltr' id='par_1_3' title="bbox 513 1175 2736 1318">
     <span class='ocr_line' id='line_1_9' title="bbox 514 1175 2731 1252; baseline 0.001 -17"><span class='ocrx_word' id='word_1_70' title='bbox 514 1175 624 1236; x_wconf 76' lang='lat' dir='ltr'><strong>filio</strong></span> <span class='ocrx_word' id='word_1_71' title='bbox 655 1188 769 1251; x_wconf 90' lang='lat' dir='ltr'><strong>ejus</strong></span> <span class='ocrx_word' id='word_1_72' title='bbox 808 1187 1120 1237; x_wconf 79' lang='lat' dir='ltr'><strong>Germanico</strong></span> <span class='ocrx_word' id='word_1_73' title='bbox 1158 1184 1304 1235; x_wconf 85' lang='lat' dir='ltr'><strong>fore?</strong></span> <span class='ocrx_word' id='word_1_74' title='bbox 1370 1185 1523 1234; x_wconf 90' lang='lat' dir='ltr'><strong>Nunc</strong></span> <span class='ocrx_word' id='word_1_75' title='bbox 1550 1198 1672 1248; x_wconf 88' lang='lat' dir='ltr'><strong>opes</strong></span> <span class='ocrx_word' id='word_1_76' title='bbox 1695 1190 1753 1235; x_wconf 90' lang='lat' dir='ltr'><strong>et</strong></span> <span class='ocrx_word' id='word_1_77' title='bbox 1774 1200 1967 1250; x_wconf 83' lang='lat' dir='ltr'><strong>servos,</strong></span> <span class='ocrx_word' id='word_1_78' title='bbox 1985 1194 2043 1236; x_wconf 87' lang='lat' dir='ltr'><strong>et</strong></span> <span class='ocrx_word' id='word_1_79' title='bbox 2066 1187 2402 1237; x_wconf 83' lang='lat' dir='ltr'><strong>amoenissima</strong></span> <span class='ocrx_word' id='word_1_80' title='bbox 2425 1187 2731 1252; x_wconf 61' lang='lat' dir='ltr'><strong>Campania</strong></span> 
     </span>
     <span class='ocr_line' id='line_1_10' title="bbox 513 1250 2736 1318; baseline 0 -17"><span class='ocrx_word' id='word_1_81' title='bbox 513 1250 699 1303; x_wconf 81' lang='lat' dir='ltr'><strong>littora</strong></span> <span class='ocrx_word' id='word_1_82' title='bbox 718 1250 923 1302; x_wconf 84' lang='lat' dir='ltr'><strong>offerri:</strong></span> <span class='ocrx_word' id='word_1_83' title='bbox 961 1252 1053 1302; x_wconf 88' lang='lat' dir='ltr'><strong>sed</strong></span> <span class='ocrx_word' id='word_1_84' title='bbox 1074 1256 1347 1317; x_wconf 78' lang='lat' dir='ltr'><strong>postquam</strong></span> <span class='ocrx_word' id='word_1_85' title='bbox 1368 1251 1714 1316; x_wconf 73' lang='lat' dir='ltr'><strong>Vespasianus</strong></span> <span class='ocrx_word' id='word_1_86' title='bbox 1739 1251 2085 1316; x_wconf 80' lang='lat' dir='ltr'><strong>principatum</strong></span> <span class='ocrx_word' id='word_1_87' title='bbox 2107 1252 2463 1317; x_wconf 79' lang='lat' dir='ltr'><strong>occupaverit,</strong></span> <span class='ocrx_word' id='word_1_88' title='bbox 2485 1268 2590 1304; x_wconf 91' lang='lat' dir='ltr'><strong>non</strong></span> <span class='ocrx_word' id='word_1_89' title='bbox 2611 1253 2736 1318; x_wconf 86' lang='lat' dir='ltr'><strong>ipsi,</strong></span> 
     </span>
    </p>
   </div>
   <div class='ocr_carea' id='block_1_4' title="bbox 1441 1363 1825 1385">
    <p class='ocr_par' dir='ltr' id='par_1_4' title="bbox 1441 1363 1825 1385">
     <span class='ocr_line' id='line_1_11' title="bbox 1441 1363 1825 1385; baseline 0 -1"><span class='ocrx_word' id='word_1_90' title='bbox 1441 1363 1739 1385; x_wconf 53' lang='lat' dir='ltr'><strong>OOOOOOO</strong></span> <span class='ocrx_word' id='word_1_91' title='bbox 1742 1364 1801 1384; x_wconf 61' lang='lat'><strong>60</strong></span> <span class='ocrx_word' id='word_1_92' title='bbox 1818 1371 1825 1372; x_wconf 29' lang='lat' dir='ltr'><em>ff</em></span> 
     </span>
    </p>
   </div>
   <div class='ocr_carea' id='block_1_5' title="bbox 517 1393 2810 1563">
    <p class='ocr_par' dir='ltr' id='par_1_5' title="bbox 517 1393 2810 1563">
     <span class='ocr_line' id='line_1_12' title="bbox 517 1393 2810 1497; baseline 0.001 -16"><span class='ocrx_word' id='word_1_93' title='bbox 517 1393 617 1481; x_wconf 58' lang='lat' dir='ltr'><strong>ss-⁴</strong></span> <span class='ocrx_word' id='word_1_94' title='bbox 649 1430 793 1483; x_wconf 76' lang='lat' dir='ltr'><strong>Male</strong></span> <span class='ocrx_word' id='word_1_95' title='bbox 817 1430 949 1483; x_wconf 80' lang='lat' dir='ltr'><strong>Mss.</strong></span> <span class='ocrx_word' id='word_1_96' title='bbox 984 1433 1119 1496; x_wconf 81' lang='lat' dir='ltr'><strong>Reg.</strong></span> <span class='ocrx_word' id='word_1_97' title='bbox 1145 1431 1300 1484; x_wconf 86' lang='lat' dir='ltr'><strong>Corb.</strong></span> <span class='ocrx_word' id='word_1_98' title='bbox 1335 1438 1391 1482; x_wconf 87' lang='lat' dir='ltr'><strong>et</strong></span> <span class='ocrx_word' id='word_1_99' title='bbox 1413 1431 1574 1482; x_wconf 85' lang='lat' dir='ltr'><strong>editio</strong></span> <span class='ocrx_word' id='word_1_100' title='bbox 1607 1432 1867 1497; x_wconf 88' lang='lat' dir='ltr'><strong>princeps,</strong></span> <span class='ocrx_word' id='word_1_101' title='bbox 1895 1432 2169 1497; x_wconf 77' lang='lat' dir='ltr'><strong>promittis.-</strong></span> <span class='ocrx_word' id='word_1_102' title='bbox 2200 1438 2250 1483; x_wconf 80' lang='lat' dir='ltr'><strong>et</strong></span> <span class='ocrx_word' id='word_1_103' title='bbox 2270 1432 2373 1497; x_wconf 72' lang='lat' dir='ltr'><strong>ubi,</strong></span> <span class='ocrx_word' id='word_1_104' title='bbox 2392 1436 2472 1497; x_wconf 60' lang='lat' dir='ltr'><strong>&amp;a</strong></span> <span class='ocrx_word' id='word_1_105' title='bbox 2540 1431 2605 1482; x_wconf 92' lang='lat' dir='ltr'><strong>In</strong></span> <span class='ocrx_word' id='word_1_106' title='bbox 2630 1432 2741 1486; x_wconf 71' lang='lat' dir='ltr'><strong>Ms.</strong></span> <span class='ocrx_word' id='word_1_107' title='bbox 2804 1396 2810 1402; x_wconf 92' lang='lat'><em>-</em></span> 
     </span>
     <span class='ocr_line' id='line_1_13' title="bbox 517 1494 2735 1563; baseline 0 -16"><span class='ocrx_word' id='word_1_108' title='bbox 517 1494 669 1548; x_wconf 81' lang='lat' dir='ltr'><strong>Bodl.</strong></span> <span class='ocrx_word' id='word_1_109' title='bbox 685 1497 940 1562; x_wconf 77' lang='lat' dir='ltr'><strong>promitti:</strong></span> <span class='ocrx_word' id='word_1_110' title='bbox 970 1496 1417 1563; x_wconf 62' lang='lat' dir='ltr'><strong>sedimperiamubi</strong></span> <span class='ocrx_word' id='word_1_111' title='bbox 1450 1495 1777 1561; x_wconf 64' lang='lat' dir='ltr'><strong>Vespasianus,</strong></span> <span class='ocrx_word' id='word_1_112' title='bbox 1797 1502 1880 1563; x_wconf 53' lang='lat' dir='ltr'><strong>qe.</strong></span> <span class='ocrx_word' id='word_1_113' title='bbox 1929 1498 2255 1549; x_wconf 60' lang='lat' dir='ltr'><strong>Breuem—⁵</strong></span> <span class='ocrx_word' id='word_1_114' title='bbox 2291 1498 2395 1551; x_wconf 83' lang='lat' dir='ltr'><strong>Ms.</strong></span> <span class='ocrx_word' id='word_1_115' title='bbox 2416 1496 2579 1549; x_wconf 89' lang='lat' dir='ltr'><strong>Corb.</strong></span> <span class='ocrx_word' id='word_1_116' title='bbox 2598 1498 2735 1548; x_wconf 73' lang='lat' dir='ltr'><strong>inva-</strong></span> 
     </span>
    </p>
   </div>
   <div class='ocr_carea' id='block_1_6' title="bbox 1514 1612 1730 1664">
    <p class='ocr_par' dir='ltr' id='par_1_6' title="bbox 1514 1612 1730 1664">
     <span class='ocr_line' id='line_1_14' title="bbox 1514 1612 1730 1664; baseline 0.009 -2"><span class='ocrx_word' id='word_1_117' title='bbox 1514 1612 1730 1664; x_wconf 78' lang='lat' dir='ltr'><strong>NOTAE</strong></span> 
     </span>
    </p>
   </div>
   <div class='ocr_carea' id='block_1_7' title="bbox 517 1706 2740 1854">
    <p class='ocr_par' dir='ltr' id='par_1_7' title="bbox 517 1706 2740 1854">
     <span class='ocr_line' id='line_1_15' title="bbox 580 1706 2740 1777; baseline 0.002 -22"><span class='ocrx_word' id='word_1_118' title='bbox 580 1714 609 1755; x_wconf 72' lang='grc' dir='ltr'><strong>(ι</strong></span> <span class='ocrx_word' id='word_1_119' title='bbox 639 1708 721 1759; x_wconf 80' lang='lat' dir='ltr'><strong>Ita</strong></span> <span class='ocrx_word' id='word_1_120' title='bbox 735 1706 989 1771; x_wconf 75' lang='lat' dir='ltr'><strong>periculam</strong></span> <span class='ocrx_word' id='word_1_121' title='bbox 1004 1724 1066 1759; x_wconf 79' lang='lat' dir='ltr'><strong>ex</strong></span> <span class='ocrx_word' id='word_1_122' title='bbox 1082 1708 1431 1773; x_wconf 69' lang='lat' dir='ltr'><strong>misericordia]</strong></span> <span class='ocrx_word' id='word_1_123' title='bbox 1463 1710 1584 1774; x_wconf 87' lang='lat' dir='ltr'><strong>Vel,</strong></span> <span class='ocrx_word' id='word_1_124' title='bbox 1725 1717 1747 1744; x_wconf 82' lang='lat'>¹</span> <span class='ocrx_word' id='word_1_125' title='bbox 1779 1711 1972 1776; x_wconf 77' lang='lat' dir='ltr'><strong>Senem]</strong></span> <span class='ocrx_word' id='word_1_126' title='bbox 2004 1712 2218 1777; x_wconf 84' lang='lat' dir='ltr'><strong>Septem</strong></span> <span class='ocrx_word' id='word_1_127' title='bbox 2256 1716 2313 1762; x_wconf 86' lang='lat' dir='ltr'><strong>et</strong></span> <span class='ocrx_word' id='word_1_128' title='bbox 2356 1709 2740 1777; x_wconf 82' lang='lat' dir='ltr'><strong>quinquaginta</strong></span> 
     </span>
     <span class='ocr_line' id='line_1_16' title="bbox 517 1784 2371 1854; baseline 0.004 -20"><span class='ocrx_word' id='word_1_129' title='bbox 517 1784 641 1851; x_wconf 85' lang='lat' dir='ltr'><strong>quia</strong></span> <span class='ocrx_word' id='word_1_130' title='bbox 682 1799 855 1835; x_wconf 87' lang='lat' dir='ltr'><strong>rursus</strong></span> <span class='ocrx_word' id='word_1_131' title='bbox 900 1785 1171 1850; x_wconf 79' lang='lat' dir='ltr'><strong>auderent,</strong></span> <span class='ocrx_word' id='word_1_132' title='bbox 1203 1792 1260 1836; x_wconf 87' lang='lat' dir='ltr'><strong>et</strong></span> <span class='ocrx_word' id='word_1_133' title='bbox 1298 1786 1417 1836; x_wconf 87' lang='lat' dir='ltr'><strong>novi</strong></span> <span class='ocrx_word' id='word_1_134' title='bbox 1460 1784 1583 1851; x_wconf 83' lang='lat' dir='ltr'><strong>quid</strong></span> <span class='ocrx_word' id='word_1_135' title='bbox 1664 1803 1820 1845; x_wconf 84' lang='lat' dir='ltr'><strong>annos</strong></span> <span class='ocrx_word' id='word_1_136' title='bbox 1843 1790 2092 1854; x_wconf 81' lang='lat' dir='ltr'><strong>attigerat</strong></span> <span class='ocrx_word' id='word_1_137' title='bbox 2109 1789 2371 1842; x_wconf 82' lang='lat' dir='ltr'><strong>Vitellius.</strong></span> 
     </span>
    </p>
   </div>
   <div class='ocr_carea' id='block_1_8' title="bbox 493 1861 1588 4302">
    <p class='ocr_par' dir='ltr' id='par_1_8' title="bbox 516 1861 1584 2316">
     <span class='ocr_line' id='line_1_17' title="bbox 516 1861 1583 1928; baseline 0 -17"><span class='ocrx_word' id='word_1_138' title='bbox 516 1862 840 1925; x_wconf 82' lang='lat' dir='ltr'><strong>molirentur,</strong></span> <span class='ocrx_word' id='word_1_139' title='bbox 874 1867 934 1912; x_wconf 90' lang='lat' dir='ltr'><strong>ut</strong></span> <span class='ocrx_word' id='word_1_140' title='bbox 965 1861 1316 1928; x_wconf 83' lang='lat' dir='ltr'><strong>principatum</strong></span> <span class='ocrx_word' id='word_1_141' title='bbox 1354 1864 1403 1917; x_wconf 90' lang='lat' dir='ltr'><strong>ei</strong></span> <span class='ocrx_word' id='word_1_142' title='bbox 1437 1862 1583 1920; x_wconf 84' lang='lat' dir='ltr'><strong>resti-</strong></span> 
     </span>
     <span class='ocr_line' id='line_1_18' title="bbox 519 1937 1584 2014; baseline -0.001 -25"><span class='ocrx_word' id='word_1_143' title='bbox 519 1944 762 1990; x_wconf 83' lang='lat' dir='ltr'><strong>tuerent:</strong></span> <span class='ocrx_word' id='word_1_144' title='bbox 798 1940 883 2014; x_wconf 70' lang='lat' dir='ltr'><strong>vel</strong></span> <span class='ocrx_word' id='word_1_145' title='bbox 917 1937 1075 2002; x_wconf 85' lang='lat' dir='ltr'><strong>forte,</strong></span> <span class='ocrx_word' id='word_1_146' title='bbox 1107 1939 1244 2004; x_wconf 82' lang='lat' dir='ltr'><strong>quod</strong></span> <span class='ocrx_word' id='word_1_147' title='bbox 1269 1940 1492 2003; x_wconf 88' lang='lat' dir='ltr'><strong>contigit</strong></span> <span class='ocrx_word' id='word_1_148' title='bbox 1510 1939 1584 1989; x_wconf 76' lang='lat' dir='ltr'><strong>in-</strong></span> 
     </span>
     <span class='ocr_line' id='line_1_19' title="bbox 517 2018 1582 2083; baseline 0 -14"><span class='ocrx_word' id='word_1_149' title='bbox 517 2018 619 2083; x_wconf 81' lang='lat' dir='ltr'><strong>fra,</strong></span> <span class='ocrx_word' id='word_1_150' title='bbox 659 2025 720 2069; x_wconf 83' lang='lat' dir='ltr'><strong>ut</strong></span> <span class='ocrx_word' id='word_1_151' title='bbox 755 2020 934 2083; x_wconf 60' lang='lat' dir='ltr'><strong>ipsum,</strong></span> <span class='ocrx_word' id='word_1_152' title='bbox 959 2020 1040 2070; x_wconf 84' lang='lat' dir='ltr'><strong>vel</strong></span> <span class='ocrx_word' id='word_1_153' title='bbox 1076 2020 1399 2080; x_wconf 66' lang='lat' dir='ltr'><strong>misericordia</strong></span> <span class='ocrx_word' id='word_1_154' title='bbox 1436 2025 1582 2069; x_wconf 84' lang='lat' dir='ltr'><strong>tanto</strong></span> 
     </span>
     <span class='ocr_line' id='line_1_20' title="bbox 518 2094 1583 2163; baseline 0.001 -17"><span class='ocrx_word' id='word_1_155' title='bbox 518 2094 718 2162; x_wconf 84' lang='lat' dir='ltr'><strong>flagitio</strong></span> <span class='ocrx_word' id='word_1_156' title='bbox 734 2097 1035 2162; x_wconf 78' lang='lat' dir='ltr'><strong>eriperent3</strong></span> <span class='ocrx_word' id='word_1_157' title='bbox 1070 2098 1288 2163; x_wconf 86' lang='lat' dir='ltr'><strong>ideoque</strong></span> <span class='ocrx_word' id='word_1_158' title='bbox 1310 2098 1482 2162; x_wconf 88' lang='lat' dir='ltr'><strong>potius</strong></span> <span class='ocrx_word' id='word_1_159' title='bbox 1499 2112 1583 2147; x_wconf 89' lang='lat' dir='ltr'><strong>oc-</strong></span> 
     </span>
     <span class='ocr_line' id='line_1_21' title="bbox 518 2173 1584 2239; baseline -0.001 -15"><span class='ocrx_word' id='word_1_160' title='bbox 518 2173 775 2238; x_wconf 87' lang='lat' dir='ltr'><strong>ciderent,</strong></span> <span class='ocrx_word' id='word_1_161' title='bbox 797 2190 951 2239; x_wconf 85' lang='lat' dir='ltr'><strong>quam</strong></span> <span class='ocrx_word' id='word_1_162' title='bbox 977 2176 1232 2239; x_wconf 86' lang='lat' dir='ltr'><strong>privatum</strong></span> <span class='ocrx_word' id='word_1_163' title='bbox 1260 2182 1584 2239; x_wconf 87' lang='lat' dir='ltr'><strong>paterentur,</strong></span> 
     </span>
     <span class='ocr_line' id='line_1_22' title="bbox 523 2252 1293 2316; baseline 0.005 -16"><span class='ocrx_word' id='word_1_164' title='bbox 523 2264 673 2315; x_wconf 88' lang='lat' dir='ltr'><strong>quem</strong></span> <span class='ocrx_word' id='word_1_165' title='bbox 696 2252 981 2316; x_wconf 83' lang='lat' dir='ltr'><strong>principem</strong></span> <span class='ocrx_word' id='word_1_166' title='bbox 1007 2254 1293 2306; x_wconf 84' lang='lat' dir='ltr'><strong>coluerant.</strong></span> 
     </span>
    </p>

    <p class='ocr_par' dir='ltr' id='par_1_9' title="bbox 515 2325 1588 3239">
     <span class='ocr_line' id='line_1_23' title="bbox 584 2325 1583 2396; baseline 0.003 -20"><span class='ocrx_word' id='word_1_167' title='bbox 584 2325 855 2396; x_wconf 74' lang='lat' dir='ltr'><strong>Periculum</strong></span> <span class='ocrx_word' id='word_1_168' title='bbox 898 2344 960 2379; x_wconf 82' lang='lat' dir='ltr'><strong>ex</strong></span> <span class='ocrx_word' id='word_1_169' title='bbox 1012 2328 1354 2393; x_wconf 81' lang='lat' dir='ltr'><strong>misericordia]</strong></span> <span class='ocrx_word' id='word_1_170' title='bbox 1421 2329 1583 2379; x_wconf 80' lang='lat' dir='ltr'><strong>Forte</strong></span> 
     </span>
     <span class='ocr_line' id='line_1_24' title="bbox 519 2404 1584 2456; baseline 0 -3"><span class='ocrx_word' id='word_1_171' title='bbox 519 2417 699 2453; x_wconf 82' lang='lat' dir='ltr'><strong>sensus</strong></span> <span class='ocrx_word' id='word_1_172' title='bbox 733 2404 851 2455; x_wconf 86' lang='lat' dir='ltr'><strong>hic:</strong></span> <span class='ocrx_word' id='word_1_173' title='bbox 885 2406 1156 2456; x_wconf 80' lang='lat' dir='ltr'><strong>Periculum</strong></span> <span class='ocrx_word' id='word_1_174' title='bbox 1177 2421 1238 2456; x_wconf 78' lang='lat' dir='ltr'><strong>ex</strong></span> <span class='ocrx_word' id='word_1_175' title='bbox 1259 2404 1584 2455; x_wconf 73' lang='lat' dir='ltr'><strong>misericordia</strong></span> 
     </span>
     <span class='ocr_line' id='line_1_25' title="bbox 519 2479 1581 2548; baseline 0.002 -20"><span class='ocrx_word' id='word_1_176' title='bbox 519 2479 843 2548; x_wconf 61' lang='lat' dir='ltr'><strong>Yespasiani,</strong></span> <span class='ocrx_word' id='word_1_177' title='bbox 865 2482 946 2531; x_wconf 88' lang='lat' dir='ltr'><strong>vel</strong></span> <span class='ocrx_word' id='word_1_178' title='bbox 966 2482 1227 2547; x_wconf 78' lang='lat' dir='ltr'><strong>periculam</strong></span> <span class='ocrx_word' id='word_1_179' title='bbox 1247 2483 1299 2531; x_wconf 90' lang='lat' dir='ltr'><strong>in</strong></span> <span class='ocrx_word' id='word_1_180' title='bbox 1322 2480 1581 2545; x_wconf 80' lang='lat' dir='ltr'><strong>Rempub.</strong></span> 
     </span>
     <span class='ocr_line' id='line_1_26' title="bbox 521 2555 1585 2622; baseline 0.001 -17"><span class='ocrx_word' id='word_1_181' title='bbox 521 2561 577 2605; x_wconf 87' lang='lat' dir='ltr'><strong>et</strong></span> <span class='ocrx_word' id='word_1_182' title='bbox 600 2555 869 2607; x_wconf 84' lang='lat' dir='ltr'><strong>Flavianas</strong></span> <span class='ocrx_word' id='word_1_183' title='bbox 888 2565 1062 2622; x_wconf 88' lang='lat' dir='ltr'><strong>partes</strong></span> <span class='ocrx_word' id='word_1_184' title='bbox 1077 2575 1140 2608; x_wconf 78' lang='lat' dir='ltr'><strong>ex</strong></span> <span class='ocrx_word' id='word_1_185' title='bbox 1154 2558 1473 2609; x_wconf 78' lang='lat' dir='ltr'><strong>misericordia</strong></span> <span class='ocrx_word' id='word_1_186' title='bbox 1494 2558 1585 2606; x_wconf 87' lang='lat' dir='ltr'><strong>illa</strong></span> 
     </span>
     <span class='ocr_line' id='line_1_27' title="bbox 519 2634 1585 2702; baseline 0.004 -19"><span class='ocrx_word' id='word_1_187' title='bbox 519 2634 575 2683; x_wconf 89' lang='lat' dir='ltr'><strong>in</strong></span> <span class='ocrx_word' id='word_1_188' title='bbox 598 2634 894 2698; x_wconf 80' lang='lat' dir='ltr'><strong>Vitellium3</strong></span> <span class='ocrx_word' id='word_1_189' title='bbox 929 2643 1021 2687; x_wconf 89' lang='lat' dir='ltr'><strong>aut</strong></span> <span class='ocrx_word' id='word_1_190' title='bbox 1057 2645 1201 2687; x_wconf 89' lang='lat' dir='ltr'><strong>certe</strong></span> <span class='ocrx_word' id='word_1_191' title='bbox 1231 2638 1493 2702; x_wconf 78' lang='lat' dir='ltr'><strong>periculum</strong></span> <span class='ocrx_word' id='word_1_192' title='bbox 1530 2637 1585 2686; x_wconf 91' lang='lat' dir='ltr'><strong>in</strong></span> 
     </span>
     <span class='ocr_line' id='line_1_28' title="bbox 520 2710 1588 2777; baseline 0 -15"><span class='ocrx_word' id='word_1_193' title='bbox 520 2710 687 2777; x_wconf 84' lang='lat' dir='ltr'><strong>ipsum</strong></span> <span class='ocrx_word' id='word_1_194' title='bbox 707 2712 991 2777; x_wconf 82' lang='lat' dir='ltr'><strong>Vitellium,</strong></span> <span class='ocrx_word' id='word_1_195' title='bbox 1022 2729 1084 2764; x_wconf 80' lang='lat' dir='ltr'><strong>ex</strong></span> <span class='ocrx_word' id='word_1_196' title='bbox 1103 2714 1425 2774; x_wconf 70' lang='lat' dir='ltr'><strong>misericordia</strong></span> <span class='ocrx_word' id='word_1_197' title='bbox 1460 2728 1588 2777; x_wconf 84' lang='lat' dir='ltr'><strong>erga</strong></span> 
     </span>
     <span class='ocr_line' id='line_1_29' title="bbox 517 2790 1586 2857; baseline 0 -16"><span class='ocrx_word' id='word_1_198' title='bbox 517 2790 684 2857; x_wconf 85' lang='lat' dir='ltr'><strong>ipsum</strong></span> <span class='ocrx_word' id='word_1_199' title='bbox 702 2808 735 2855; x_wconf 73' lang='grc' dir='ltr'><strong>ς,</strong></span> <span class='ocrx_word' id='word_1_200' title='bbox 750 2796 799 2841; x_wconf 78' lang='lat' dir='ltr'><strong>et</strong></span> <span class='ocrx_word' id='word_1_201' title='bbox 818 2807 876 2842; x_wconf 76' lang='lat' dir='ltr'><strong>ae</strong></span> <span class='ocrx_word' id='word_1_202' title='bbox 895 2791 1044 2841; x_wconf 79' lang='lat' dir='ltr'><strong>victos</strong></span> <span class='ocrx_word' id='word_1_203' title='bbox 1057 2792 1241 2857; x_wconf 77' lang='lat' dir='ltr'><strong>quidem</strong></span> <span class='ocrx_word' id='word_1_204' title='bbox 1256 2793 1433 2842; x_wconf 77' lang='lat' dir='ltr'><strong>laturos</strong></span> <span class='ocrx_word' id='word_1_205' title='bbox 1452 2792 1586 2841; x_wconf 86' lang='lat' dir='ltr'><strong>hanc</strong></span> 
     </span>
     <span class='ocr_line' id='line_1_30' title="bbox 520 2867 1586 2933; baseline -0.004 -14"><span class='ocrx_word' id='word_1_206' title='bbox 520 2868 785 2933; x_wconf 76' lang='lat' dir='ltr'><strong>superbiam</strong></span> <span class='ocrx_word' id='word_1_207' title='bbox 823 2868 1101 2933; x_wconf 71' lang='lat' dir='ltr'><strong>Vespasiani</strong></span> <span class='ocrx_word' id='word_1_208' title='bbox 1116 2884 1133 2925; x_wconf 79' lang='lat'><strong>,-</strong></span> <span class='ocrx_word' id='word_1_209' title='bbox 1165 2882 1231 2918; x_wconf 89' lang='lat' dir='ltr'><strong>ne</strong></span> <span class='ocrx_word' id='word_1_210' title='bbox 1268 2868 1438 2918; x_wconf 85' lang='lat' dir='ltr'><strong>victos</strong></span> <span class='ocrx_word' id='word_1_211' title='bbox 1474 2867 1586 2932; x_wconf 81' lang='lat' dir='ltr'><strong>qui-</strong></span> 
     </span>
     <span class='ocr_line' id='line_1_31' title="bbox 521 2942 1586 3010; baseline -0.005 -14"><span class='ocrx_word' id='word_1_212' title='bbox 521 2946 642 2996; x_wconf 80' lang='lat' dir='ltr'><strong>dem</strong></span> <span class='ocrx_word' id='word_1_213' title='bbox 676 2946 872 2996; x_wconf 84' lang='lat' dir='ltr'><strong>laturos</strong></span> <span class='ocrx_word' id='word_1_214' title='bbox 891 2952 1090 2995; x_wconf 88' lang='lat' dir='ltr'><strong>tantum</strong></span> <span class='ocrx_word' id='word_1_215' title='bbox 1131 2943 1387 3010; x_wconf 74' lang='lat' dir='ltr'><strong>flagitium</strong></span> <span class='ocrx_word' id='word_1_216' title='bbox 1420 2942 1475 2992; x_wconf 88' lang='lat' dir='ltr'><strong>in</strong></span> <span class='ocrx_word' id='word_1_217' title='bbox 1493 2943 1586 2991; x_wconf 85' lang='lat' dir='ltr'><strong>vi-</strong></span> 
     </span>
     <span class='ocr_line' id='line_1_32' title="bbox 524 3016 1585 3086; baseline -0.002 -13"><span class='ocrx_word' id='word_1_218' title='bbox 524 3023 689 3086; x_wconf 86' lang='lat' dir='ltr'><strong>tellio,</strong></span> <span class='ocrx_word' id='word_1_219' title='bbox 710 3029 772 3072; x_wconf 90' lang='lat' dir='ltr'><strong>ut</strong></span> <span class='ocrx_word' id='word_1_220' title='bbox 792 3021 1019 3086; x_wconf 83' lang='lat' dir='ltr'><strong>privatus</strong></span> <span class='ocrx_word' id='word_1_221' title='bbox 1052 3021 1274 3083; x_wconf 84' lang='lat' dir='ltr'><strong>viveret,</strong></span> <span class='ocrx_word' id='word_1_222' title='bbox 1291 3027 1346 3068; x_wconf 90' lang='lat' dir='ltr'><strong>et</strong></span> <span class='ocrx_word' id='word_1_223' title='bbox 1368 3016 1503 3069; x_wconf 81' lang='lat' dir='ltr'><strong>forte</strong></span> <span class='ocrx_word' id='word_1_224' title='bbox 1528 3019 1585 3074; x_wconf 78' lang='lat' dir='ltr'><strong>il.-</strong></span> 
     </span>
     <span class='ocr_line' id='line_1_33' title="bbox 520 3093 1587 3161; baseline -0.004 -14"><span class='ocrx_word' id='word_1_225' title='bbox 520 3098 629 3148; x_wconf 88' lang='lat' dir='ltr'><strong>lum</strong></span> <span class='ocrx_word' id='word_1_226' title='bbox 651 3097 823 3161; x_wconf 82' lang='lat' dir='ltr'><strong>potius</strong></span> <span class='ocrx_word' id='word_1_227' title='bbox 845 3097 1123 3158; x_wconf 79' lang='lat' dir='ltr'><strong>occisuros,</strong></span> <span class='ocrx_word' id='word_1_228' title='bbox 1143 3101 1205 3145; x_wconf 83' lang='lat' dir='ltr'><strong>ut</strong></span> <span class='ocrx_word' id='word_1_229' title='bbox 1225 3093 1448 3158; x_wconf 79' lang='lat' dir='ltr'><strong>contigit</strong></span> <span class='ocrx_word' id='word_1_230' title='bbox 1466 3111 1481 3145; x_wconf 73' lang='lat' dir='ltr'><em>z</em></span> <span class='ocrx_word' id='word_1_231' title='bbox 1513 3095 1587 3144; x_wconf 82' lang='lat' dir='ltr'><strong>ita</strong></span> 
     </span>
     <span class='ocr_line' id='line_1_34' title="bbox 515 3166 1215 3239; baseline -0.006 -14"><span class='ocrx_word' id='word_1_232' title='bbox 515 3174 780 3239; x_wconf 77' lang='lat' dir='ltr'><strong>periculam</strong></span> <span class='ocrx_word' id='word_1_233' title='bbox 797 3188 861 3223; x_wconf 78' lang='lat' dir='ltr'><strong>eoe</strong></span> <span class='ocrx_word' id='word_1_234' title='bbox 879 3166 1215 3225; x_wconf 66' lang='lat' dir='ltr'><strong>maier-iamdiu.</strong></span> 
     </span>
    </p>

    <p class='ocr_par' dir='ltr' id='par_1_10' title="bbox 516 3246 1588 3853">
     <span class='ocr_line' id='line_1_35' title="bbox 574 3246 1584 3313; baseline 0.003 -18"><span class='ocrx_word' id='word_1_235' title='bbox 574 3251 672 3300; x_wconf 74' lang='lat' dir='ltr'><strong>Ex</strong></span> <span class='ocrx_word' id='word_1_236' title='bbox 687 3248 1029 3313; x_wconf 68' lang='lat' dir='ltr'><strong>misericordia]</strong></span> <span class='ocrx_word' id='word_1_237' title='bbox 1062 3247 1169 3298; x_wconf 82' lang='lat' dir='ltr'><strong>Alii</strong></span> <span class='ocrx_word' id='word_1_238' title='bbox 1185 3246 1479 3311; x_wconf 86' lang='lat' dir='ltr'><strong>intelligunt</strong></span> <span class='ocrx_word' id='word_1_239' title='bbox 1495 3263 1584 3313; x_wconf 89' lang='lat' dir='ltr'><strong>pe·</strong></span> 
     </span>
     <span class='ocr_line' id='line_1_36' title="bbox 520 3324 1586 3389; baseline -0.003 -11"><span class='ocrx_word' id='word_1_240' title='bbox 520 3327 739 3378; x_wconf 70' lang='lat' dir='ltr'><strong>siculum</strong></span> <span class='ocrx_word' id='word_1_241' title='bbox 780 3325 891 3378; x_wconf 74' lang='lat' dir='ltr'><strong>fore</strong></span> <span class='ocrx_word' id='word_1_242' title='bbox 926 3324 1247 3389; x_wconf 73' lang='lat' dir='ltr'><strong>Vespasiano</strong></span> <span class='ocrx_word' id='word_1_243' title='bbox 1291 3338 1357 3374; x_wconf 84' lang='lat' dir='ltr'><strong>ex</strong></span> <span class='ocrx_word' id='word_1_244' title='bbox 1392 3325 1586 3376; x_wconf 84' lang='lat' dir='ltr'><strong>miseri-</strong></span> 
     </span>
     <span class='ocr_line' id='line_1_37' title="bbox 517 3400 1588 3474; baseline -0.004 -18"><span class='ocrx_word' id='word_1_245' title='bbox 517 3405 696 3456; x_wconf 83' lang='lat' dir='ltr'><strong>cordia</strong></span> <span class='ocrx_word' id='word_1_246' title='bbox 714 3405 773 3474; x_wconf 84' lang='lat' dir='ltr'><strong>in</strong></span> <span class='ocrx_word' id='word_1_247' title='bbox 795 3404 1083 3454; x_wconf 87' lang='lat' dir='ltr'><strong>Vitellium.</strong></span> <span class='ocrx_word' id='word_1_248' title='bbox 1134 3400 1240 3451; x_wconf 82' lang='lat' dir='ltr'><strong>Alii</strong></span> <span class='ocrx_word' id='word_1_249' title='bbox 1259 3400 1370 3452; x_wconf 86' lang='lat' dir='ltr'><strong>fore</strong></span> <span class='ocrx_word' id='word_1_250' title='bbox 1390 3404 1588 3467; x_wconf 87' lang='lat' dir='ltr'><strong>pericu-</strong></span> 
     </span>
     <span class='ocr_line' id='line_1_38' title="bbox 519 3479 1584 3546; baseline -0.003 -13"><span class='ocrx_word' id='word_1_251' title='bbox 519 3484 628 3533; x_wconf 70' lang='lat' dir='ltr'><strong>lam</strong></span> <span class='ocrx_word' id='word_1_252' title='bbox 671 3482 773 3546; x_wconf 84' lang='lat' dir='ltr'><strong>ipsi</strong></span> <span class='ocrx_word' id='word_1_253' title='bbox 806 3479 1038 3542; x_wconf 87' lang='lat' dir='ltr'><strong>Vitellio,</strong></span> <span class='ocrx_word' id='word_1_254' title='bbox 1082 3479 1168 3530; x_wconf 88' lang='lat' dir='ltr'><strong>cui</strong></span> <span class='ocrx_word' id='word_1_255' title='bbox 1201 3494 1267 3529; x_wconf 89' lang='lat' dir='ltr'><strong>ne</strong></span> <span class='ocrx_word' id='word_1_256' title='bbox 1300 3485 1584 3543; x_wconf 82' lang='lat' dir='ltr'><strong>parcerent</strong></span> 
     </span>
     <span class='ocr_line' id='line_1_39' title="bbox 518 3554 1581 3625; baseline -0.002 -16"><span class='ocrx_word' id='word_1_257' title='bbox 518 3558 727 3625; x_wconf 86' lang='lat' dir='ltr'><strong>quidem</strong></span> <span class='ocrx_word' id='word_1_258' title='bbox 770 3573 837 3607; x_wconf 84' lang='lat' dir='ltr'><strong>ex</strong></span> <span class='ocrx_word' id='word_1_259' title='bbox 878 3554 1230 3607; x_wconf 84' lang='lat' dir='ltr'><strong>misericordia</strong></span> <span class='ocrx_word' id='word_1_260' title='bbox 1269 3556 1412 3607; x_wconf 88' lang='lat' dir='ltr'><strong>victi.</strong></span> <span class='ocrx_word' id='word_1_261' title='bbox 1494 3557 1581 3608; x_wconf 84' lang='lat' dir='ltr'><strong>Sic</strong></span> 
     </span>
     <span class='ocr_line' id='line_1_40' title="bbox 517 3632 1580 3699; baseline -0.002 -15"><span class='ocrx_word' id='word_1_262' title='bbox 517 3632 657 3684; x_wconf 85' lang='lat' dir='ltr'><strong>infra</strong></span> <span class='ocrx_word' id='word_1_263' title='bbox 687 3634 836 3683; x_wconf 89' lang='lat' dir='ltr'><strong>miles</strong></span> <span class='ocrx_word' id='word_1_264' title='bbox 849 3632 1069 3698; x_wconf 80' lang='lat' dir='ltr'><strong>’quidam</strong></span> <span class='ocrx_word' id='word_1_265' title='bbox 1092 3632 1580 3699; x_wconf 58' lang='lat' dir='ltr'><strong>Germanicusfflrae</strong></span> 
     </span>
     <span class='ocr_line' id='line_1_41' title="bbox 516 3709 1581 3774; baseline -0.002 -13"><span class='ocrx_word' id='word_1_266' title='bbox 516 3711 887 3773; x_wconf 84' lang='lat' dir='ltr'><strong>misericordia,</strong></span> <span class='ocrx_word' id='word_1_267' title='bbox 908 3710 1052 3759; x_wconf 87' lang='lat' dir='ltr'><strong>illum</strong></span> <span class='ocrx_word' id='word_1_268' title='bbox 1090 3710 1257 3774; x_wconf 84' lang='lat' dir='ltr'><strong>ipsum</strong></span> <span class='ocrx_word' id='word_1_269' title='bbox 1295 3709 1581 3764; x_wconf 85' lang='lat' dir='ltr'><strong>occidendo</strong></span> 
     </span>
     <span class='ocr_line' id='line_1_42' title="bbox 518 3787 1454 3853; baseline 0.003 -16"><span class='ocrx_word' id='word_1_270' title='bbox 518 3787 1036 3853; x_wconf 83' lang='lat' dir='ltr'><strong>contumeliis-eripit.</strong></span> <span class='ocrx_word' id='word_1_271' title='bbox 1449 3837 1454 3840; x_wconf 84' lang='grc'><em>,</em></span> 
     </span>
    </p>

    <p class='ocr_par' dir='ltr' id='par_1_11' title="bbox 493 3863 1587 4302">
     <span class='ocr_line' id='line_1_43' title="bbox 581 3863 1583 3927; baseline 0 -15"><span class='ocrx_word' id='word_1_272' title='bbox 581 3863 682 3912; x_wconf 82' lang='lat' dir='ltr'><strong>Vel</strong></span> <span class='ocrx_word' id='word_1_273' title='bbox 704 3863 855 3912; x_wconf 87' lang='lat' dir='ltr'><strong>etiam</strong></span> <span class='ocrx_word' id='word_1_274' title='bbox 873 3863 1132 3927; x_wconf 78' lang='lat' dir='ltr'><strong>periculum</strong></span> <span class='ocrx_word' id='word_1_275' title='bbox 1148 3878 1215 3914; x_wconf 86' lang='lat' dir='ltr'><strong>ex</strong></span> <span class='ocrx_word' id='word_1_276' title='bbox 1232 3863 1583 3913; x_wconf 85' lang='lat' dir='ltr'><strong>misericordia</strong></span> 
     </span>
     <span class='ocr_line' id='line_1_44' title="bbox 516 3938 1580 3994; baseline -0.001 -3"><span class='ocrx_word' id='word_1_277' title='bbox 516 3938 721 3991; x_wconf 78' lang='lat' dir='ltr'><strong>Vitellii</strong></span> <span class='ocrx_word' id='word_1_278' title='bbox 751 3940 804 3990; x_wconf 94' lang='lat' dir='ltr'><strong>in</strong></span> <span class='ocrx_word' id='word_1_279' title='bbox 837 3955 892 3991; x_wconf 89' lang='lat' dir='ltr'><strong>se</strong></span> <span class='ocrx_word' id='word_1_280' title='bbox 925 3948 981 3991; x_wconf 90' lang='lat' dir='ltr'><strong>et</strong></span> <span class='ocrx_word' id='word_1_281' title='bbox 1010 3955 1147 3991; x_wconf 84' lang='lat' dir='ltr'><strong>suos.</strong></span> <span class='ocrx_word' id='word_1_282' title='bbox 1215 3938 1394 3994; x_wconf 86' lang='lat' dir='ltr'><strong>Infra:</strong></span> <span class='ocrx_word' id='word_1_283' title='bbox 1428 3939 1443 3972; x_wconf 76' lang='lat'><strong><em>⁴</em></strong></span> <span class='ocrx_word' id='word_1_284' title='bbox 1469 3938 1580 3990; x_wconf 89' lang='lat' dir='ltr'><strong>Ob-</strong></span> 
     </span>
     <span class='ocr_line' id='line_1_45' title="bbox 518 4016 1580 4081; baseline -0.002 -14"><span class='ocrx_word' id='word_1_285' title='bbox 518 4016 770 4067; x_wconf 84' lang='lat' dir='ltr'><strong>ruebatur</strong></span> <span class='ocrx_word' id='word_1_286' title='bbox 822 4017 1149 4067; x_wconf 83' lang='lat' dir='ltr'><strong>miseratione</strong></span> <span class='ocrx_word' id='word_1_287' title='bbox 1200 4030 1447 4081; x_wconf 88' lang='lat' dir='ltr'><strong>curaque,</strong></span> <span class='ocrx_word' id='word_1_288' title='bbox 1512 4029 1580 4065; x_wconf 88' lang='lat' dir='ltr'><strong>ne</strong></span> 
     </span>
     <span class='ocr_line' id='line_1_46' title="bbox 516 4091 1581 4158; baseline -0.002 -15"><span class='ocrx_word' id='word_1_289' title='bbox 516 4092 869 4158; x_wconf 73' lang='lat' dir='ltr'><strong>pertinacibus</strong></span> <span class='ocrx_word' id='word_1_290' title='bbox 890 4094 1043 4144; x_wconf 86' lang='lat' dir='ltr'><strong>armis</strong></span> <span class='ocrx_word' id='word_1_291' title='bbox 1077 4093 1246 4143; x_wconf 87' lang='lat' dir='ltr'><strong>minus</strong></span> <span class='ocrx_word' id='word_1_292' title='bbox 1268 4091 1581 4157; x_wconf 81' lang='lat' dir='ltr'><strong>placabilem</strong></span> 
     </span>
     <span class='ocr_line' id='line_1_47' title="bbox 493 4169 1587 4245; baseline -0.007 -17"><span class='ocrx_word' id='word_1_293' title='bbox 493 4169 771 4245; x_wconf 63' lang='lat' dir='ltr'><strong>„victorem</strong></span> <span class='ocrx_word' id='word_1_294' title='bbox 793 4170 1110 4239; x_wconf 80' lang='lat' dir='ltr'><strong>relinqueret</strong></span> <span class='ocrx_word' id='word_1_295' title='bbox 1136 4169 1349 4237; x_wconf 78' lang='lat' dir='ltr'><strong>conjugi</strong></span> <span class='ocrx_word' id='word_1_296' title='bbox 1370 4169 1587 4234; x_wconf 56' lang='lat' dir='ltr'><strong>aeslibe-</strong></span> 
     </span>
     <span class='ocr_line' id='line_1_48' title="bbox 514 4244 1053 4302; baseline 0 -34"><span class='ocrx_word' id='word_1_297' title='bbox 514 4244 621 4302; x_wconf 57' lang='lat' dir='ltr'><strong>rifi-⁰</strong></span> <span class='ocrx_word' id='word_1_298' title='bbox 1048 4262 1053 4268; x_wconf 92' lang='lat'>.</span> 
     </span>
    </p>
   </div>
   <div class='ocr_carea' id='block_1_9' title="bbox 1660 1864 2781 4235">
    <p class='ocr_par' dir='ltr' id='par_1_12' title="bbox 1661 1864 2781 2776">
     <span class='ocr_line' id='line_1_49' title="bbox 1727 1864 2737 1931; baseline -0.001 -14"><span class='ocrx_word' id='word_1_299' title='bbox 1727 1872 1748 1900; x_wconf 77' lang='lat'>⁵</span> <span class='ocrx_word' id='word_1_300' title='bbox 1778 1866 1909 1917; x_wconf 73' lang='lat' dir='ltr'><strong>Faio</strong></span> <span class='ocrx_word' id='word_1_301' title='bbox 1923 1868 2021 1931; x_wconf 76' lang='lat' dir='ltr'><strong>ejus</strong></span> <span class='ocrx_word' id='word_1_302' title='bbox 2037 1866 2342 1930; x_wconf 77' lang='lat' dir='ltr'><strong>Germanico]</strong></span> <span class='ocrx_word' id='word_1_303' title='bbox 2376 1864 2535 1916; x_wconf 85' lang='lat' dir='ltr'><strong>Certe</strong></span> <span class='ocrx_word' id='word_1_304' title='bbox 2559 1879 2622 1916; x_wconf 88' lang='lat' dir='ltr'><strong>eo</strong></span> <span class='ocrx_word' id='word_1_305' title='bbox 2644 1879 2737 1916; x_wconf 89' lang='lat' dir='ltr'><strong>no·</strong></span> 
     </span>
     <span class='ocr_line' id='line_1_50' title="bbox 1661 1941 2738 2010; baseline -0.004 -15"><span class='ocrx_word' id='word_1_306' title='bbox 1661 1945 1801 1995; x_wconf 87' lang='lat' dir='ltr'><strong>mine</strong></span> <span class='ocrx_word' id='word_1_307' title='bbox 1822 1946 1995 2010; x_wconf 76' lang='lat' dir='ltr'><strong>gravis</strong></span> <span class='ocrx_word' id='word_1_308' title='bbox 2016 1952 2133 1995; x_wconf 88' lang='lat' dir='ltr'><strong>erat</strong></span> <span class='ocrx_word' id='word_1_309' title='bbox 2163 1942 2451 1994; x_wconf 83' lang='lat' dir='ltr'><strong>victoribus</strong></span> <span class='ocrx_word' id='word_1_310' title='bbox 2486 1941 2622 1993; x_wconf 84' lang='lat' dir='ltr'><strong>filius</strong></span> <span class='ocrx_word' id='word_1_311' title='bbox 2642 1942 2738 1991; x_wconf 71' lang='lat' dir='ltr'><strong>*Vi-</strong></span> 
     </span>
     <span class='ocr_line' id='line_1_51' title="bbox 1665 2019 2741 2085; baseline -0.003 -14"><span class='ocrx_word' id='word_1_312' title='bbox 1665 2021 1815 2085; x_wconf 85' lang='lat' dir='ltr'><strong>tellii,</strong></span> <span class='ocrx_word' id='word_1_313' title='bbox 1856 2021 1987 2072; x_wconf 85' lang='lat' dir='ltr'><strong>licet</strong></span> <span class='ocrx_word' id='word_1_314' title='bbox 2030 2019 2302 2071; x_wconf 82' lang='lat' dir='ltr'><strong>admodum</strong></span> <span class='ocrx_word' id='word_1_315' title='bbox 2340 2033 2488 2083; x_wconf 88' lang='lat' dir='ltr'><strong>puer.</strong></span> <span class='ocrx_word' id='word_1_316' title='bbox 2554 2019 2628 2069; x_wconf 85' lang='lat' dir='ltr'><strong>Et</strong></span> <span class='ocrx_word' id='word_1_317' title='bbox 2667 2031 2741 2069; x_wconf 78' lang='lat' dir='ltr'><strong>eo</strong></span> 
     </span>
     <span class='ocr_line' id='line_1_52' title="bbox 1664 2094 2738 2162; baseline -0.003 -15"><span class='ocrx_word' id='word_1_318' title='bbox 1664 2097 1869 2147; x_wconf 89' lang='lat' dir='ltr'><strong>nomine</strong></span> <span class='ocrx_word' id='word_1_319' title='bbox 1885 2098 1995 2162; x_wconf 89' lang='lat' dir='ltr'><strong>jam</strong></span> <span class='ocrx_word' id='word_1_320' title='bbox 2019 2098 2194 2148; x_wconf 61' lang='lat' dir='ltr'><strong>Caesar</strong></span> <span class='ocrx_word' id='word_1_321' title='bbox 2211 2101 2344 2158; x_wconf 83' lang='lat' dir='ltr'><strong>erat,</strong></span> <span class='ocrx_word' id='word_1_322' title='bbox 2368 2101 2424 2146; x_wconf 89' lang='lat' dir='ltr'><strong>et</strong></span> <span class='ocrx_word' id='word_1_323' title='bbox 2449 2094 2592 2161; x_wconf 83' lang='lat' dir='ltr'><strong>quasi</strong></span> <span class='ocrx_word' id='word_1_324' title='bbox 2612 2109 2738 2156; x_wconf 86' lang='lat' dir='ltr'><strong>can-</strong></span> 
     </span>
     <span class='ocr_line' id='line_1_53' title="bbox 1665 2169 2739 2239; baseline -0.002 -15"><span class='ocrx_word' id='word_1_325' title='bbox 1665 2169 1872 2225; x_wconf 79' lang='lat' dir='ltr'><strong>didatus</strong></span> <span class='ocrx_word' id='word_1_326' title='bbox 1909 2174 2132 2239; x_wconf 88' lang='lat' dir='ltr'><strong>imperii.</strong></span> <span class='ocrx_word' id='word_1_327' title='bbox 2201 2174 2317 2223; x_wconf 90' lang='lat' dir='ltr'><strong>Nec</strong></span> <span class='ocrx_word' id='word_1_328' title='bbox 2356 2172 2515 2223; x_wconf 82' lang='lat' dir='ltr'><strong>etiam</strong></span> <span class='ocrx_word' id='word_1_329' title='bbox 2560 2170 2739 2223; x_wconf 86' lang='lat' dir='ltr'><strong>defuit</strong></span> 
     </span>
     <span class='ocr_line' id='line_1_54' title="bbox 1664 2248 2755 2315; baseline -0.004 -14"><span class='ocrx_word' id='word_1_330' title='bbox 1664 2250 1959 2314; x_wconf 85' lang='lat' dir='ltr'><strong>Mucianus,</strong></span> <span class='ocrx_word' id='word_1_331' title='bbox 1993 2250 2117 2315; x_wconf 88' lang='lat' dir='ltr'><strong>quin</strong></span> <span class='ocrx_word' id='word_1_332' title='bbox 2155 2248 2330 2301; x_wconf 81' lang='lat' dir='ltr'><strong>statim</strong></span> <span class='ocrx_word' id='word_1_333' title='bbox 2370 2263 2489 2298; x_wconf 89' lang='lat' dir='ltr'><strong>eum</strong></span> <span class='ocrx_word' id='word_1_334' title='bbox 2522 2248 2755 2304; x_wconf 76' lang='lat' dir='ltr'><strong>occide-,</strong></span> 
     </span>
     <span class='ocr_line' id='line_1_55' title="bbox 1664 2334 2313 2379; baseline 0 -1"><span class='ocrx_word' id='word_1_335' title='bbox 1664 2334 1762 2379; x_wconf 85' lang='lat' dir='ltr'><strong>ret.</strong></span> <span class='ocrx_word' id='word_1_336' title='bbox 2300 2363 2313 2366; x_wconf 81' lang='grc'><strong>-</strong></span> 
     </span>
     <span class='ocr_line' id='line_1_56' title="bbox 1728 2403 2781 2469; baseline -0.003 -13"><span class='ocrx_word' id='word_1_337' title='bbox 1728 2407 1744 2439; x_wconf 68' lang='lat'><strong>²</strong></span> <span class='ocrx_word' id='word_1_338' title='bbox 1767 2405 2022 2456; x_wconf 87' lang='lat' dir='ltr'><strong>Familiam</strong></span> <span class='ocrx_word' id='word_1_339' title='bbox 2034 2411 2082 2455; x_wconf 81' lang='lat' dir='ltr'><strong>et</strong></span> <span class='ocrx_word' id='word_1_340' title='bbox 2101 2404 2282 2469; x_wconf 74' lang='lat' dir='ltr'><strong>beatos]</strong></span> <span class='ocrx_word' id='word_1_341' title='bbox 2324 2404 2469 2454; x_wconf 85' lang='lat' dir='ltr'><strong>Idem</strong></span> <span class='ocrx_word' id='word_1_342' title='bbox 2488 2409 2572 2454; x_wconf 83' lang='lat' dir='ltr'><strong>est</strong></span> <span class='ocrx_word' id='word_1_343' title='bbox 2593 2403 2734 2468; x_wconf 80' lang='lat' dir='ltr'><strong>quod</strong></span> <span class='ocrx_word' id='word_1_344' title='bbox 2768 2411 2781 2416; x_wconf 84' lang='grc'><em>“</em></span> 
     </span>
     <span class='ocr_line' id='line_1_57' title="bbox 1662 2481 2736 2546; baseline 0 -15"><span class='ocrx_word' id='word_1_345' title='bbox 1662 2481 1884 2533; x_wconf 76' lang='lat' dir='ltr'><strong>liabetur</strong></span> <span class='ocrx_word' id='word_1_346' title='bbox 1926 2497 2114 2546; x_wconf 84' lang='lat' dir='ltr'><strong>supra:</strong></span> <span class='ocrx_word' id='word_1_347' title='bbox 2165 2484 2180 2510; x_wconf 89' lang='lat'>‘</span> <span class='ocrx_word' id='word_1_348' title='bbox 2204 2482 2434 2531; x_wconf 87' lang='lat' dir='ltr'><strong>Salutem</strong></span> <span class='ocrx_word' id='word_1_349' title='bbox 2479 2487 2535 2531; x_wconf 88' lang='lat' dir='ltr'><strong>et</strong></span> <span class='ocrx_word' id='word_1_350' title='bbox 2577 2492 2736 2546; x_wconf 85' lang='lat' dir='ltr'><strong>pecu·</strong></span> 
     </span>
     <span class='ocr_line' id='line_1_58' title="bbox 1663 2557 2735 2623; baseline -0.002 -14"><span class='ocrx_word' id='word_1_351' title='bbox 1663 2560 1799 2609; x_wconf 87' lang='lat' dir='ltr'><strong>niam</strong></span> <span class='ocrx_word' id='word_1_352' title='bbox 1822 2565 1879 2609; x_wconf 90' lang='lat' dir='ltr'><strong>et</strong></span> <span class='ocrx_word' id='word_1_353' title='bbox 1901 2570 2109 2611; x_wconf 81' lang='lat' dir='ltr'><strong>secreta</strong></span> <span class='ocrx_word' id='word_1_354' title='bbox 2128 2557 2466 2623; x_wconf 61' lang='lat' dir='ltr'><strong>Campaniae?</strong></span> <span class='ocrx_word' id='word_1_355' title='bbox 2519 2558 2591 2607; x_wconf 90' lang='lat' dir='ltr'><strong>Et</strong></span> <span class='ocrx_word' id='word_1_356' title='bbox 2607 2573 2735 2622; x_wconf 89' lang='lat' dir='ltr'><strong>pau·</strong></span> 
     </span>
     <span class='ocr_line' id='line_1_59' title="bbox 1664 2633 2738 2698; baseline 0 -13"><span class='ocrx_word' id='word_1_357' title='bbox 1664 2636 1715 2686; x_wconf 89' lang='lat' dir='ltr'><strong>lo</strong></span> <span class='ocrx_word' id='word_1_358' title='bbox 1737 2633 1891 2698; x_wconf 82' lang='lat' dir='ltr'><strong>infra,</strong></span> <span class='ocrx_word' id='word_1_359' title='bbox 1925 2636 1942 2662; x_wconf 81' lang='lat'><em>⁴</em></span> <span class='ocrx_word' id='word_1_360' title='bbox 1965 2634 2031 2684; x_wconf 91' lang='lat' dir='ltr'><strong>de</strong></span> <span class='ocrx_word' id='word_1_361' title='bbox 2064 2648 2278 2684; x_wconf 88' lang='lat' dir='ltr'><strong>numero</strong></span> <span class='ocrx_word' id='word_1_362' title='bbox 2297 2648 2582 2698; x_wconf 73' lang='lat' dir='ltr'><strong>servorum,</strong></span> <span class='ocrx_word' id='word_1_363' title='bbox 2604 2634 2738 2685; x_wconf 81' lang='lat' dir='ltr'><strong>elec-</strong></span> 
     </span>
     <span class='ocr_line' id='line_1_60' title="bbox 1665 2708 2262 2776; baseline -0.005 -14"><span class='ocrx_word' id='word_1_364' title='bbox 1665 2713 1808 2762; x_wconf 88' lang='lat' dir='ltr'><strong>tione</strong></span> <span class='ocrx_word' id='word_1_365' title='bbox 1827 2711 2063 2762; x_wconf 87' lang='lat' dir='ltr'><strong>littorum</strong></span> <span class='ocrx_word' id='word_1_366' title='bbox 2080 2708 2262 2776; x_wconf 89' lang='lat' dir='ltr'><strong>loqui.’</strong></span> 
     </span>
    </p>

    <p class='ocr_par' dir='ltr' id='par_1_13' title="bbox 1660 2785 2779 3378">
     <span class='ocr_line' id='line_1_61' title="bbox 1672 2785 2736 2852; baseline -0.002 -13"><span class='ocrx_word' id='word_1_367' title='bbox 1672 2825 1683 2830; x_wconf 80' lang='grc'>-</span> <span class='ocrx_word' id='word_1_368' title='bbox 1728 2796 1753 2822; x_wconf 80' lang='grc'><strong>“</strong></span> <span class='ocrx_word' id='word_1_369' title='bbox 1773 2785 1954 2839; x_wconf 78' lang='lat' dir='ltr'><strong>Beatos</strong></span> <span class='ocrx_word' id='word_1_370' title='bbox 1978 2787 2253 2852; x_wconf 63' lang='lat' dir='ltr'><strong>Campania.</strong></span> <span class='ocrx_word' id='word_1_371' title='bbox 2269 2786 2424 2851; x_wconf 64' lang='lat' dir='ltr'><strong>sitias]</strong></span> <span class='ocrx_word' id='word_1_372' title='bbox 2446 2786 2736 2852; x_wconf 74' lang='lat' dir='ltr'><strong>Campania</strong></span> 
     </span>
     <span class='ocr_line' id='line_1_62' title="bbox 1665 2863 2736 2930; baseline -0.002 -14"><span class='ocrx_word' id='word_1_373' title='bbox 1665 2870 1970 2922; x_wconf 60' lang='lat' dir='ltr'><strong>nunciet-ra</strong></span> <span class='ocrx_word' id='word_1_374' title='bbox 2006 2863 2209 2922; x_wconf 77' lang='lat' dir='ltr'><strong>Laboris</strong></span> <span class='ocrx_word' id='word_1_375' title='bbox 2251 2864 2472 2916; x_wconf 86' lang='lat' dir='ltr'><strong>dicitur:</strong></span> <span class='ocrx_word' id='word_1_376' title='bbox 2524 2869 2736 2930; x_wconf 79' lang='lat' dir='ltr'><strong>constat</strong></span> 
     </span>
     <span class='ocr_line' id='line_1_63' title="bbox 1667 2940 2779 3006; baseline -0.002 -13"><span class='ocrx_word' id='word_1_377' title='bbox 1667 2948 1824 2993; x_wconf 83' lang='lat' dir='ltr'><strong>totus.</strong></span> <span class='ocrx_word' id='word_1_378' title='bbox 1842 2942 1957 3006; x_wconf 81' lang='lat' dir='ltr'><strong>ejus</strong></span> <span class='ocrx_word' id='word_1_379' title='bbox 1991 2947 2187 2991; x_wconf 88' lang='lat' dir='ltr'><strong>tractus</strong></span> <span class='ocrx_word' id='word_1_380' title='bbox 2220 2941 2389 2991; x_wconf 87' lang='lat' dir='ltr'><strong>tribus</strong></span> <span class='ocrx_word' id='word_1_381' title='bbox 2425 2942 2643 3004; x_wconf 81' lang='lat' dir='ltr'><strong>sinibus,</strong></span> <span class='ocrx_word' id='word_1_382' title='bbox 2662 2940 2733 2998; x_wconf 77' lang='lat' dir='ltr'><strong>ad</strong></span> <span class='ocrx_word' id='word_1_383' title='bbox 2764 2961 2779 2971; x_wconf 78' lang='lat'>.</span> 
     </span>
     <span class='ocr_line' id='line_1_64' title="bbox 1667 3016 2735 3082; baseline -0.002 -12"><span class='ocrx_word' id='word_1_384' title='bbox 1667 3021 1974 3081; x_wconf 81' lang='lat' dir='ltr'><strong>Sinuessam,</strong></span> <span class='ocrx_word' id='word_1_385' title='bbox 2004 3016 2072 3067; x_wconf 87' lang='lat' dir='ltr'><strong>ad</strong></span> <span class='ocrx_word' id='word_1_386' title='bbox 2103 3017 2384 3081; x_wconf 88' lang='lat' dir='ltr'><strong>Misenum,</strong></span> <span class='ocrx_word' id='word_1_387' title='bbox 2418 3017 2486 3067; x_wconf 83' lang='lat' dir='ltr'><strong>ad</strong></span> <span class='ocrx_word' id='word_1_388' title='bbox 2520 3018 2735 3082; x_wconf 72' lang='lat' dir='ltr'><strong>Neapo-</strong></span> 
     </span>
     <span class='ocr_line' id='line_1_65' title="bbox 1665 3092 2735 3158; baseline 0 -15"><span class='ocrx_word' id='word_1_389' title='bbox 1665 3096 1773 3146; x_wconf 82' lang='lat' dir='ltr'><strong>lim.</strong></span> <span class='ocrx_word' id='word_1_390' title='bbox 1859 3094 1988 3158; x_wconf 89' lang='lat' dir='ltr'><strong>Ejus</strong></span> <span class='ocrx_word' id='word_1_391' title='bbox 2031 3106 2251 3156; x_wconf 79' lang='lat' dir='ltr'><strong>campos,</strong></span> <span class='ocrx_word' id='word_1_392' title='bbox 2283 3094 2351 3143; x_wconf 86' lang='lat' dir='ltr'><strong>ob</strong></span> <span class='ocrx_word' id='word_1_393' title='bbox 2402 3092 2735 3148; x_wconf 77' lang='lat' dir='ltr'><strong>fertilitatem</strong></span> 
     </span>
     <span class='ocr_line' id='line_1_66' title="bbox 1665 3168 2731 3240; baseline -0.003 -18"><span class='ocrx_word' id='word_1_394' title='bbox 1665 3172 1996 3240; x_wconf 33' lang='lat' dir='ltr'><strong>beatos&#39;voeat</strong></span> <span class='ocrx_word' id='word_1_395' title='bbox 2016 3168 2245 3233; x_wconf 80' lang='lat' dir='ltr'><strong>Tacitus,</strong></span> <span class='ocrx_word' id='word_1_396' title='bbox 2267 3176 2327 3220; x_wconf 86' lang='lat' dir='ltr'><strong>ut</strong></span> <span class='ocrx_word' id='word_1_397' title='bbox 2349 3185 2551 3230; x_wconf 76' lang='lat' dir='ltr'><strong>amoena</strong></span> <span class='ocrx_word' id='word_1_398' title='bbox 2571 3168 2731 3240; x_wconf 69' lang='lat' dir='ltr'><strong>ipsius</strong></span> 
     </span>
     <span class='ocr_line' id='line_1_67' title="bbox 1660 3245 2732 3312; baseline -0.003 -14"><span class='ocrx_word' id='word_1_399' title='bbox 1660 3249 1844 3300; x_wconf 87' lang='lat' dir='ltr'><strong>littora</strong></span> <span class='ocrx_word' id='word_1_400' title='bbox 1865 3247 2008 3297; x_wconf 89' lang='lat' dir='ltr'><strong>Mela</strong></span> <span class='ocrx_word' id='word_1_401' title='bbox 2025 3247 2272 3311; x_wconf 78' lang='lat' dir='ltr'><strong>appellat,</strong></span> <span class='ocrx_word' id='word_1_402' title='bbox 2286 3252 2343 3296; x_wconf 90' lang='lat' dir='ltr'><strong>et</strong></span> <span class='ocrx_word' id='word_1_403' title='bbox 2361 3246 2606 3310; x_wconf 63' lang='lat' dir='ltr'><strong>Lucaniae</strong></span> <span class='ocrx_word' id='word_1_404' title='bbox 2621 3245 2732 3312; x_wconf 77' lang='lat' dir='ltr'><strong>opi·</strong></span> 
     </span>
     <span class='ocr_line' id='line_1_68' title="bbox 1663 3327 1903 3378; baseline -0.013 0"><span class='ocrx_word' id='word_1_405' title='bbox 1663 3342 1748 3378; x_wconf 84' lang='lat' dir='ltr'><strong>ma</strong></span> <span class='ocrx_word' id='word_1_406' title='bbox 1766 3327 1903 3376; x_wconf 87' lang='lat' dir='ltr'><strong>loca.</strong></span> 
     </span>
    </p>

    <p class='ocr_par' dir='ltr' id='par_1_14' title="bbox 1660 3400 2745 4235">
     <span class='ocr_line' id='line_1_69' title="bbox 1688 3400 2735 3468; baseline -0.002 -12"><span class='ocrx_word' id='word_1_407' title='bbox 1688 3427 1693 3434; x_wconf 84' lang='lat'><em>·</em></span> <span class='ocrx_word' id='word_1_408' title='bbox 1731 3405 1916 3457; x_wconf 86' lang='lat' dir='ltr'><strong>Cicero</strong></span> <span class='ocrx_word' id='word_1_409' title='bbox 1938 3400 2005 3451; x_wconf 85' lang='lat' dir='ltr'><strong>de</strong></span> <span class='ocrx_word' id='word_1_410' title='bbox 2022 3404 2145 3468; x_wconf 88' lang='lat' dir='ltr'><strong>lege</strong></span> <span class='ocrx_word' id='word_1_411' title='bbox 2160 3402 2385 3466; x_wconf 82' lang='lat' dir='ltr'><strong>Agraria</strong></span> <span class='ocrx_word' id='word_1_412' title='bbox 2399 3408 2588 3456; x_wconf 80' lang='lat' dir='ltr'><strong>contra</strong></span> <span class='ocrx_word' id='word_1_413' title='bbox 2609 3403 2735 3455; x_wconf 83' lang='lat' dir='ltr'><strong>Rul-</strong></span> 
     </span>
     <span class='ocr_line' id='line_1_70' title="bbox 1661 3480 2745 3545; baseline -0.005 -9"><span class='ocrx_word' id='word_1_414' title='bbox 1661 3486 1788 3545; x_wconf 89' lang='lat' dir='ltr'><strong>lum,</strong></span> <span class='ocrx_word' id='word_1_415' title='bbox 1809 3482 1825 3510; x_wconf 91' lang='lat'>‘</span> <span class='ocrx_word' id='word_1_416' title='bbox 1849 3481 2098 3545; x_wconf 89' lang='lat' dir='ltr'><strong>Campani</strong></span> <span class='ocrx_word' id='word_1_417' title='bbox 2122 3495 2328 3545; x_wconf 86' lang='lat' dir='ltr'><strong>semper</strong></span> <span class='ocrx_word' id='word_1_418' title='bbox 2349 3481 2563 3545; x_wconf 80' lang='lat' dir='ltr'><strong>superbi</strong></span> <span class='ocrx_word' id='word_1_419' title='bbox 2585 3480 2745 3534; x_wconf 87' lang='lat' dir='ltr'><strong>boni--</strong></span> 
     </span>
     <span class='ocr_line' id='line_1_71' title="bbox 1662 3551 2730 3623; baseline -0.003 -11"><span class='ocrx_word' id='word_1_420' title='bbox 1662 3567 1774 3613; x_wconf 86' lang='lat' dir='ltr'><strong>tate</strong></span> <span class='ocrx_word' id='word_1_421' title='bbox 1813 3572 2070 3623; x_wconf 82' lang='lat' dir='ltr'><strong>agrorum,</strong></span> <span class='ocrx_word' id='word_1_422' title='bbox 2105 3564 2163 3607; x_wconf 89' lang='lat' dir='ltr'><strong>et</strong></span> <span class='ocrx_word' id='word_1_423' title='bbox 2202 3551 2562 3622; x_wconf 79' lang='lat' dir='ltr'><strong>magnitudine</strong></span> <span class='ocrx_word' id='word_1_424' title='bbox 2596 3558 2730 3610; x_wconf 81' lang='lat' dir='ltr'><strong>fruc·</strong></span> 
     </span>
     <span class='ocr_line' id='line_1_72' title="bbox 1662 3633 2731 3700; baseline -0.003 -13"><span class='ocrx_word' id='word_1_425' title='bbox 1662 3643 1827 3699; x_wconf 87' lang='lat' dir='ltr'><strong>tuum,</strong></span> <span class='ocrx_word' id='word_1_426' title='bbox 1847 3634 2165 3685; x_wconf 76' lang='lat' dir='ltr'><strong>salubritate</strong></span> <span class='ocrx_word' id='word_1_427' title='bbox 2184 3633 2334 3697; x_wconf 72' lang='lat' dir='ltr'><strong>aeris,</strong></span> <span class='ocrx_word' id='word_1_428' title='bbox 2368 3642 2426 3684; x_wconf 88' lang='lat' dir='ltr'><strong>et</strong></span> <span class='ocrx_word' id='word_1_429' title='bbox 2447 3635 2731 3700; x_wconf 76' lang='lat' dir='ltr'><strong>pulchritu-</strong></span> 
     </span>
     <span class='ocr_line' id='line_1_73' title="bbox 1661 3709 2733 3776; baseline 0 -15"><span class='ocrx_word' id='word_1_430' title='bbox 1661 3712 1782 3762; x_wconf 85' lang='lat' dir='ltr'><strong>dine</strong></span> <span class='ocrx_word' id='word_1_431' title='bbox 1806 3709 2047 3775; x_wconf 80' lang='lat' dir='ltr'><strong>regionis.</strong></span> <span class='ocrx_word' id='word_1_432' title='bbox 2105 3710 2186 3759; x_wconf 84' lang='lat' dir='ltr'><strong>Ex</strong></span> <span class='ocrx_word' id='word_1_433' title='bbox 2207 3710 2303 3761; x_wconf 85' lang='lat' dir='ltr'><strong>hac</strong></span> <span class='ocrx_word' id='word_1_434' title='bbox 2325 3710 2480 3775; x_wconf 90' lang='lat' dir='ltr'><strong>copia</strong></span> <span class='ocrx_word' id='word_1_435' title='bbox 2491 3717 2623 3776; x_wconf 77' lang='lat' dir='ltr'><strong>pata</strong></span> <span class='ocrx_word' id='word_1_436' title='bbox 2642 3710 2733 3761; x_wconf 80' lang='lat' dir='ltr'><strong>illa</strong></span> 
     </span>
     <span class='ocr_line' id='line_1_74' title="bbox 1663 3787 2730 3853; baseline 0.001 -14"><span class='ocrx_word' id='word_1_437' title='bbox 1663 3788 1983 3852; x_wconf 85' lang='lat' dir='ltr'><strong>arrogantia,</strong></span> <span class='ocrx_word' id='word_1_438' title='bbox 2005 3802 2121 3853; x_wconf 80' lang='lat' dir='ltr'><strong>quae</strong></span> <span class='ocrx_word' id='word_1_439' title='bbox 2156 3803 2187 3837; x_wconf 92' lang='lat' dir='ltr'><strong>a</strong></span> <span class='ocrx_word' id='word_1_440' title='bbox 2221 3787 2503 3852; x_wconf 83' lang='lat' dir='ltr'><strong>majoribus</strong></span> <span class='ocrx_word' id='word_1_441' title='bbox 2541 3788 2730 3847; x_wconf 67' lang='lat' dir='ltr'><strong>nostri·</strong></span> 
     </span>
     <span class='ocr_line' id='line_1_75' title="bbox 1662 3865 2726 3930; baseline 0.001 -13"><span class='ocrx_word' id='word_1_442' title='bbox 1662 3868 1881 3918; x_wconf 86' lang='lat' dir='ltr'><strong>alterum</strong></span> <span class='ocrx_word' id='word_1_443' title='bbox 1923 3865 2192 3919; x_wconf 69' lang='lat' dir='ltr'><strong>consulem</strong></span> <span class='ocrx_word' id='word_1_444' title='bbox 2247 3865 2566 3930; x_wconf 55' lang='lat' dir='ltr'><strong>postulavit?</strong></span> <span class='ocrx_word' id='word_1_445' title='bbox 2596 3917 2603 3924; x_wconf 82' lang='grc'>,</span> <span class='ocrx_word' id='word_1_446' title='bbox 2630 3866 2726 3918; x_wconf 69' lang='lat' dir='ltr'><strong>Lu·</strong></span> 
     </span>
     <span class='ocr_line' id='line_1_76' title="bbox 1660 4013 2726 4088; baseline 0.01 -20"><span class='ocrx_word' id='word_1_447' title='bbox 1660 4013 1661 4016; x_wconf 68' lang='grc'>’</span> <span class='ocrx_word' id='word_1_448' title='bbox 1690 4027 1748 4070; x_wconf 69' lang='lat'><strong>,⁷</strong></span> <span class='ocrx_word' id='word_1_449' title='bbox 1781 4021 1894 4088; x_wconf 71' lang='lat' dir='ltr'><strong>⁴Noa</strong></span> <span class='ocrx_word' id='word_1_450' title='bbox 1928 4017 2045 4082; x_wconf 70' lang='lat' dir='ltr'><strong>ipsi]</strong></span> <span class='ocrx_word' id='word_1_451' title='bbox 2099 4019 2584 4083; x_wconf 69' lang='lat' dir='ltr'><strong>Non‚vesnasisua</strong></span> <span class='ocrx_word' id='word_1_452' title='bbox 2626 4020 2726 4087; x_wconf 66' lang='lat' dir='ltr'><strong>ipfli</strong></span> 
     </span>
     <span class='ocr_line' id='line_1_77' title="bbox 1661 4091 2729 4167; baseline -0.003 -21"><span class='ocrx_word' id='word_1_453' title='bbox 1661 4098 1918 4148; x_wconf 73' lang='lat' dir='ltr'><strong>redituram</strong></span> <span class='ocrx_word' id='word_1_454' title='bbox 1932 4096 2249 4167; x_wconf 72' lang='lat' dir='ltr'><strong>securitatem.</strong></span> <span class='ocrx_word' id='word_1_455' title='bbox 2651 4108 2661 4115; x_wconf 68' lang='grc'><strong>“</strong></span> <span class='ocrx_word' id='word_1_456' title='bbox 2683 4091 2689 4096; x_wconf 79' lang='grc'><strong>“</strong></span> <span class='ocrx_word' id='word_1_457' title='bbox 2713 4129 2729 4149; x_wconf 74' lang='lat'><strong>,</strong></span> 
     </span>
     <span class='ocr_line' id='line_1_78' title="bbox 1662 4163 2420 4235; baseline 0.003 -13"><span class='ocrx_word' id='word_1_458' title='bbox 1662 4189 1695 4234; x_wconf 70' lang='grc'><strong>,·</strong></span> <span class='ocrx_word' id='word_1_459' title='bbox 1725 4179 1759 4222; x_wconf 69' lang='lat'><strong>¹!</strong></span> <span class='ocrx_word' id='word_1_460' title='bbox 1791 4163 1904 4222; x_wconf 68' lang='lat' dir='ltr'><strong>Noa</strong></span> <span class='ocrx_word' id='word_1_461' title='bbox 1921 4171 2109 4235; x_wconf 68' lang='lat' dir='ltr'><strong>amicis]</strong></span> <span class='ocrx_word' id='word_1_462' title='bbox 2142 4171 2420 4226; x_wconf 77' lang='lat' dir='ltr'><strong>Flavianis.</strong></span> 
     </span>
    </p>
   </div>
   <div class='ocr_carea' id='block_1_10' title="bbox 1570 4239 2727 4345">
    <p class='ocr_par' dir='ltr' id='par_1_15' title="bbox 1570 4239 2727 4345">
     <span class='ocr_line' id='line_1_79' title="bbox 1570 4239 2727 4345; baseline 0.016 -45"><span class='ocrx_word' id='word_1_463' title='bbox 1570 4277 1581 4306; x_wconf 75' lang='lat'><strong>,-</strong></span> <span class='ocrx_word' id='word_1_464' title='bbox 1662 4289 1695 4306; x_wconf 78' lang='grc'><strong>-,</strong></span> <span class='ocrx_word' id='word_1_465' title='bbox 1727 4248 2117 4325; x_wconf 42' lang='lat' dir='ltr'><strong>sesamum]</strong></span> <span class='ocrx_word' id='word_1_466' title='bbox 2147 4248 2331 4311; x_wconf 70' lang='lat' dir='ltr'><strong>Possit</strong></span> <span class='ocrx_word' id='word_1_467' title='bbox 2346 4239 2627 4345; x_wconf 54' lang='lat' dir='ltr'><strong>incaseato</strong></span> <span class='ocrx_word' id='word_1_468' title='bbox 2646 4245 2727 4320; x_wconf 65' lang='lat' dir='ltr'><strong>t·-</strong></span> 
     </span>
    </p>
   </div>
  </div>
 </body>
</html>
