3050 4917
517 400 695 471 2986

1226 417 1299 467 o.
1344 414 1710 466 connitur
1754 402 2010 464 ‘mem

2408 412 2503 481 [Α.
2526 413 2597 465 u,
2619 416 2740 465 sss.

517 564 695 647 neris
748 560 953 627 animi
1005 565 1314 646 excepta,
1373 580 1528 625 cum
1572 559 1866 624 Tribuuo
1921 552 2317 636 insultum}
2358 560 2380 591 ‘
2409 575 2487 622 se
2514 559 2739 620 tamen

521 660 1019 752 Imperatorem¹
1065 666 1210 750 ejus
1257 664 1508 743 fuisse‚'
1538 663 1903 749 respondit.
1992 659 2099 725 Ac
2149 660 2382 726 deinde
2423 659 2743 742 ingestis¹¹¹¹

517 881 639 933 dolis
657 881 887 944 auaitum,
917 895 1022 929 cans
1044 879 1232 930 tribano
1256 880 1472 953 illudenti
1501 878 1844 942 insectarique
1875 877 2139 943 respondit,
2160 889 2217 926 se
2241 881 2420 941 tamen
2445 871 2744 942 principem

1525 1044 1742 1096 NOTAE

522 1165 744 1218 Galbam
771 1167 1118 1232 desiderabat,
1150 1173 1241 1218 aut
1279 1171 1456 1232 partes
1477 1181 1589 1216 eas·

523 1242 661 1305 dem,
684 1242 1004 1310 similemque
1030 1244 1392 1310 principatum.

585 1319 603 1364 5
623 1319 705 1371 Aa
729 1322 1004 1388 Gemonias]
1035 1324 1180 1373 Suet.
1201 1321 1311 1392 Vit.
1329 1325 1410 1370 17.
1443 1324 1459 1350 ‘
1480 1321 1589 1369 Do-

521 1411 621 1448 nec
643 1398 877 1461 religatis
903 1407 1018 1464 post
1045 1407 1194 1463 terga
1225 1396 1476 1460 manibus,
1513 1396 1588 1445 in-

511 1476 659 1540 jecto
678 1477 966 1526 cervicibus
984 1479 1185 1542 laqueo,
1200 1482 1343 1525 veste
1360 1474 1593 1535 discissa,

523 1551 820 1602 seminudus
844 1553 896 1601 in
930 1551 1099 1603 forum
1122 1559 1318 1602 tractus
1339 1559 1436 1611 est,
1455 1552 1594 1601 iuter

524 1644 710 1694 magua
749 1645 918 1679 rerum
941 1631 1318 1694 verborumque
1350 1625 1592 1686 ludibria,

524 1719 624 1771 per
640 1711 805 1755 totum
825 1706 922 1755 viae
940 1721 1103 1755 sacrae
1121 1706 1360 1770 spatium,
1375 1704 1595 1754 reducta

527 1794 675 1832 coma
700 1797 729 1830 a
744 1782 941 1845 capite,
963 1797 1056 1832 ceu
1077 1782 1216 1832 noxii
1238 1782 1424 1843 solent,
1439 1785 1593 1846 atque

527 1857 683 1907 etiam
704 1864 884 1908 mento
904 1873 1146 1909 mucrone
1166 1857 1321 1923 gladii
1340 1857 1595 1922 subjecto,

527 1940 589 1984 ut
612 1934 878 1984 visendam
920 1935 1181 1999 praeberet
1218 1932 1425 1997 faciem,
1461 1947 1594 1984 neve

526 2009 858 2061 submitteret
881 2028 896 2072 ;
966 2012 1269 2076 quibusdam
1332 2025 1479 2060 coeuo
1542 2016 1597 2060 et

525 2092 759 2137 stercore
811 2088 1207 2149 incessentibus,
1254 2087 1368 2136 aliis
1421 2088 1596 2137 incen-

526 2164 748 2214 diarium
767 2173 821 2214 et
843 2166 1150 2228 patinarium
1163 2164 1594 2227 vociferantibus3

525 2248 680 2307 parte
707 2243 855 2306 vulgi
891 2244 1050 2293 etiam
1090 2242 1322 2309 corporis
1346 2243 1471 2292 vitia
1506 2258 1595 2292 ex·

526 2318 844 2384 probrante3
881 2325 995 2369 erat
1033 2320 1167 2369 euim
1208 2320 1259 2368 in
1287 2334 1351 2369 eo
1374 2319 1597 2368 enormis

527 2395 837 2459 proceritas,
859 2394 1020 2445 facies
1056 2394 1259 2460 rubida,
1294 2396 1599 2460 plerumque

529 2485 595 2521 ex
614 2472 919 2535 vinolentia,
937 2477 1120 2523 venter
1144 2471 1352 2535 obesus,
1376 2472 1599 2521 alterum

528 2546 698 2599 femur
735 2548 1020 2612 subdebile,
1053 2549 1277 2614 impulsu
1314 2548 1438 2597 olim
1474 2562 1599 2612 qua-

526 2623 711 2689 drigae,
735 2640 853 2676 cum
885 2625 1146 2689 auriganti
1182 2625 1307 2675 Caio
1343 2624 1600 2674 ministra-

528 2707 695 2752 torem
720 2701 1035 2754 exhiberet!

591 2777 617 2812 Β
653 2779 864 2830 Tribnno
896 2779 1174 2842 insultanti]
1207 2779 1310 2831 Qui
1342 2779 1620 2842 tribunus,
1674 2794 1682 2801 ·

526 2863 589 2907 nt
627 2863 779 2922 puto,
816 2857 1069 2907 immissus
1100 2855 1273 2907 fuerat
1312 2871 1344 2904 a
1378 2857 1596 2907 ducibus

528 2932 809 2993 Flavianis,
859 2939 922 2983 ut
969 2938 1390 2997 perscrutaretur
1431 2932 1598 2983 Vitel-

527 3009 671 3073 lium,
690 3009 937 3074 illumque
964 3009 1248 3059 occideret.
1304 3009 1442 3058 Nam
1467 3010 1598 3059 tales

527 3085 703 3135 coedes
727 3086 948 3136 tribunis
971 3087 1380 3152 imperabantur,
1414 3093 1477 3137 ut
1510 3101 1599 3152 pa-

527 3155 611 3213 tet
631 3162 699 3212 de
721 3161 961 3228 Agrippa
985 3165 1251 3228 Postumo,
1270 3164 1340 3213 de
1382 3165 1598 3215 Messal-

531 3239 655 3290 lina.
706 3240 777 3289 Et
800 3240 956 3289 etiam
981 3241 1047 3290 de
1065 3240 1390 3303 Britannico,
1410 3241 1495 3291 cui
1512 3256 1599 3291 ve·

527 3330 719 3368 uenum
758 3324 998 3383 paratum
1036 3334 1066 3368 a
1103 3320 1349 3381 Locusta,
1387 3320 1480 3369 sed
1510 3321 1600 3384 ju-

528 3394 688 3445 bente
724 3402 782 3446 et
819 3396 1063 3459 exigente
1097 3397 1304 3446 tribuno
1340 3396 1598 3461 praetoriae

528 3471 775 3521 cohortis.
841 3472 977 3523 Item
1019 3474 1084 3522 de
1131 3474 1410 3524 Plautiano
1455 3474 1596 3538 apud

442 3558 445 3561 “
528 3546 904 3611 Herodianum,
926 3549 1022 3598 sub
1044 3550 1240 3600 Severo
1263 3550 1517 3614 principe.

597 3625 804 3675 Tribuno
822 3626 1095 3690 insultanti]
1128 3628 1268 3677 Huic
1288 3628 1516 3692 tribuno,
1540 3643 1597 3678 se

525 3706 702 3751 tamen
743 3702 1106 3766 immratorem
1147 3704 1262 3767 ejus
1303 3704 1481 3765 fuisse,
1516 3721 1598 3755 re-

522 3779 751 3843 spondit.
816 3780 964 3830 Idem
988 3782 1073 3830 ille
1095 3781 1231 3830 haud
1255 3780 1416 3831 dubie
1433 3783 1598 3833 tribu-

522 3868 621 3904 nus
642 3862 742 3920 est,
760 3855 931 3907 Julius
950 3857 1059 3906 scil.
1085 3857 1348 3920 Placidus,
1370 3857 1456 3922 qui
1477 3872 1595 3907 eum

525 3947 557 3983 e
578 3931 784 3984 latebra
800 3935 1054 3994 extraxit,
1075 3938 1130 3982 et
1152 3932 1243 3996 qui
1279 3947 1417 3982 nuuc
1440 3933 1490 3982 ei
1518 3933 1596 3981 in-

525 4009 709 4060 sultat.

591 4086 709 4135 Hoc
748 4086 886 4148 dico,
920 4085 1044 4149 quia
1078 4089 1312 4149 vertunt,
1349 4091 1595 4150 tauquam

532 4163 668 4225 alter
707 4162 945 4212 tribunus
984 4166 1123 4212 esset
1159 4160 1228 4211 ab
1267 4176 1329 4211 eo
1366 4163 1597 4228 quicum

526 4238 726 4300 reperit
780 4238 1113 4303 extraxitque
1159 4251 1192 4286 e
1236 4238 1453 4302 latebra,
1482 4253 1598 4289 ¹seu

527 4312 770 4365 cubiculo
804 4315 1069 4380 janitoris,
1104 4328 1206 4381 quo
1228 4328 1286 4366 se
1308 4315 1601 4382 abdiderat,

1670 1164 1863 1216 culcita
1883 1163 2078 1215 foribus
2101 1160 2361 1228 opposita.

1739 1241 1943 1292 Tribuno
1964 1239 2239 1304 insultanti]
2269 1238 2450 1289 Vertit
2472 1236 2747 1305 Interprea

1672 1319 1812 1370 Gall.
1836 1320 1980 1384 quasi
2021 1320 2148 1367 alius
2169 1323 2307 1368 esset
2329 1332 2358 1366 a
2383 1316 2602 1366 tribuno
2625 1315 2749 1365 Pla-

1671 1398 1808 1456 cido,
1828 1405 1885 1446 et
1907 1396 2053 1461 quasi
2078 1396 2129 1445 in
2153 1383 2356 1445 Vitellii
2381 1393 2622 1443 exercitu
2642 1407 2749 1442 me-

1674 1473 1859 1522 ruisset
1882 1465 2119 1522 tribunus
2136 1472 2238 1523 ille.
2292 1473 2457 1521 Forte
2482 1471 2559 1520 sic
2583 1470 2757 1534 cepit,

1675 1549 1796 1614 quia
1831 1547 2066 1612 objectat
2105 1548 2180 1597 illi
2202 1546 2478 1596 Vitellius:
2517 1547 2535 1573 ‘
2561 1545 2634 1595 Se
2675 1552 2752 1594 ta-

1672 1642 1792 1676 men
1814 1626 1927 1690 ejus
1950 1628 2314 1691 imperatorem
2339 1623 2544 1674 fuisse!

1740 1703 1842 1752 Sed
1865 1709 2015 1767 puto,
2038 1703 2174 1751 idem
2198 1703 2439 1752 tribunus
2463 1705 2570 1763 est,
2596 1715 2629 1748 a
2652 1713 2755 1765 quo

1671 1781 1969 1845 protrahitur
1980 1780 2215 1830 Vitellius
2231 1796 2245 1829 ε
2282 1780 2366 1829 cui
2387 1779 2603 1828 tribuno
2616 1775 2756 1826 haud

1676 1858 1833 1909 dubie
1872 1861 2128 1924 imperata
2174 1858 2289 1908 erat
2329 1858 2506 1909 caedes
2531 1854 2761 1923 Vitellii,

1676 1938 1759 1987 vel
1782 1951 1812 1986 a
1834 1938 2099 1999 Muciano,
2122 1938 2205 1986 vel
2230 1937 2296 1986 ab
2321 1935 2575 2000 Antonio,
2602 1932 2757 1984 simul

1677 2019 1733 2063 et
1752 2013 1819 2063 ab
1840 2013 1951 2062 aliis
1974 2013 2188 2062 ducibus
2213 2012 2458 2076 partium.

1741 2090 1859 2140 Nec
1897 2087 2081 2152 refert,
2119 2089 2452 2153 respondisse
2477 2086 2755 2138 Vitellium

1675 2167 1902 2230 tribuno,
1922 2169 1938 2194 ‘
1955 2183 2011 2217 se
2034 2173 2212 2216 tamen
2237 2168 2347 2231 ejus
2376 2166 2756 2230 imperatorem

1674 2240 1869 2293 fuisse!
1926 2243 2063 2292 Nam
2083 2244 2183 2291 hoc
2202 2256 2382 2291 verum
2404 2238 2507 2290 fuit
2526 2241 2597 2290 de
2618 2238 2757 2289 omni

1677 2320 1884 2370 omnino
1919 2320 2085 2369 milite
2118 2319 2271 2369 Rom.
2304 2328 2756 2384 quorumcumque

1676 2403 1977 2459 castrorum,
2000 2402 2090 2446 aut
2122 2395 2352 2460 partium
2386 2392 2547 2444 foret.
2619 2392 2754 2443 Nam

1679 2474 1874 2523 electus
1895 2473 2139 2522 Vitellius
2178 2486 2239 2522 ac
2268 2472 2441 2521 victor
2480 2476 2611 2520 aute
2630 2470 2758 2518 Ves-

1678 2550 1972 2614 pasianum:
1998 2554 2055 2599 et
2065 2549 2265 2598 Vitellii
2289 2553 2623 2597 sacramento
2642 2559 2758 2596 suas

1677 2627 1838 2676 etiam
1872 2627 2100 2689 legiones
2128 2626 2479 2691 cohortesque
2504 2624 2762 2689 adegerat

1674 2701 2030 2766 Vespasianus
2047 2702 2101 2751 in
2126 2701 2370 2751 Oriente.

1743 2780 1899 2829 Certe
1915 2784 2186 2842 amputata
2203 2779 2346 2848 auris
2360 2779 2396 2831 J
2400 2779 2510 2828 ulio
2521 2778 2764 2843 Placido,

1677 2871 1794 2907 cum
1834 2857 2069 2906 traheret
2088 2856 2388 2917 Vitellium;
2423 2871 2590 2922 quare
2624 2856 2761 2908 forte

1674 2948 1837 2999 usque
1871 2933 1937 2983 ad
1978 2936 2142 2984 scalas
2167 2935 2457 2985 Gemonias
2494 2949 2621 2985 eum
2659 2948 2762 2984 non

1676 3017 1756 3062 est
1777 3020 2102 3077 prosecutus,
2124 3012 2214 3062 sed
2237 3012 2493 3062 militibus
2516 3012 2759 3063 tradidit.

1740 3088 1988 3138 Attamen
2011 3087 2151 3139 forte
2183 3089 2304 3139 ideo
2337 3090 2505 3153 magis
2543 3091 2764 3140 insulta-

1678 3165 1756 3216 vit
1777 3166 2015 3228 Vitellio,
2053 3175 2108 3216 et
2130 3167 2391 3217 mutanti
2421 3168 2526 3237 h‘oc
2549 3181 2765 3233 respon·

1680 3243 1759 3293 dit
1779 3243 2035 3294 Vitellius.
2103 3244 2223 3294 Nec
2265 3244 2465 3295 caedem
2510 3246 2634 3310 ejus
2673 3245 2764 3294 im-

1679 3318 1969 3385 perfectam
1992 3327 2192 3373 temere
2205 3318 2486 3386 reliquerit
2502 3323 2766 3386 tribunus,

1678 3404 1739 3449 ut
1759 3398 1843 3448 cui
1862 3400 2117 3464 imperata
2138 3407 2280 3451 esset
2302 3416 2332 3449 a
2354 3400 2766 3467 dominantibus,

1678 3481 1770 3526 aut
1797 3481 1942 3526 certe
1983 3492 2015 3526 a
2047 3478 2312 3541 magistris
2352 3478 2762 3544 dominationis;

1677 3568 1804 3619 quos
1873 3553 2142 3605 offendere
2208 3556 2536 3607 exitiabilius
2561 3590 2566 3593 -
2604 3557 2763 3622 foret,

1678 3644 1834 3696 quam
1853 3630 2020 3694 ipsum
2045 3631 2437 3695 imperatorem.

1758 3707 1852 3758 ’δε
1871 3715 2031 3760 tamen
2050 3712 2415 3776 Imperatorem]
2437 3714 2527 3763 Sic
2547 3726 2764 3779 respou-

1676 3784 1788 3834 deri
1811 3787 1943 3836 solet
1965 3802 2083 3836 cum
2108 3790 2216 3839 sale
2240 3796 2296 3840 et
2320 3791 2415 3852 ira,
2436 3797 2648 3842 taonem·
2677 3793 2763 3842 Sic

1673 3876 1795 3910 mox
1813 3863 2182 3928 Vespasianus,
2216 3867 2232 3894 ‘
2259 3866 2522 3917 Licinium
2561 3869 2765 3920 Mucia·

1675 3950 1796 3985 num
1832 3945 1972 3987 notae
2008 3940 2374 4004 impudicitiae,
2411 3943 2507 3992 sed
2551 3942 2766 3996 merito·

1674 4024 1787 4061 rum
1825 4011 2017 4063 fiducia
2054 4015 2223 4065 minus
2261 4018 2342 4066 sui
2384 4020 2762 4083 reverentem,’

1671 4088 1751 4138 ita
1772 4091 2067 4155 retaxabat,
2098 4100 2158 4142 ut
2181 4094 2198 4123 ‘
2224 4094 2451 4147 adderet
2471 4098 2724 4149 clausulae
2746 4114 2760 4148 τ

1675 4166 1787 4229 Ego
1810 4173 1982 4217 tamen
2002 4169 2083 4218 vir
2106 4170 2258 4221 sum.²

1743 4249 1780 4274 ¹¹¹
1814 4243 2050 4308 Ingestis]
2091 4247 2318 4300 Quintil.
2341 4249 2504 4303 Decl.
2525 4256 2582 4303 6.
2617 4250 2760 4302 “Pe-

1678 4320 1892 4384 percisti
1933 4320 2077 4389 mihi,
2132 4325 2394 4391 quomodo
2449 4320 2760 4397 excogitant
