3050 4917
493 403 668 472 2982
1179 419 1244 469 o.
1291 414 1652 467 commun
1699 412 1956 462 ‘mom

492 565 767 633 infimis*
837 562 1278 641 servitiorum,
1353 567 1469 627 aut
1547 580 1897 626 occursum
1972 560 2119 646 ejus
2190 559 2699 628 declinantibusl

491 673 721 737 Terret
750 671 1041 736 solitudo
1063 675 1126 733 et
1155 674 1449 732 tacentes
1481 668 1614 731 loci
1635 677 1694 732 :¹¹
1723 672 1923 729 tentat
1947 666 2218 730 clausa:
2239 674 2269 701 V
2310 664 2701 733 inhorrescit

490 779 760 858 vacuis;
805 775 1153 856 fessusque
1180 773 1687 847 misero·errore‚
1719 778 1786 834 et
1816 769 2135 853 pudenda
2163 770 2697 835 latebrav.semet

490 881 859 955 occultanS,
875 879 972 941 ab
1000 876 1045 939 J
1052 877 1185 938 ulio
1210 875 1543 952 Placide,²
1570 874 1870 938 Tribuno
1902 873 2211 950 cohortiS‚
2238 873 2700 956 protrahitur}
2729 926 2736 933 .

490 982 761 1048 Vinctae
793 999 966 1065 pone
997 985 1284 1061 tergum³
1330 995 1607 1042 manus:
1651 977 1902 1040 laniata
1932 982 2168 1053 veste,y
2212 976 2470 1041 foedum
2505 994 2698 1059 spec-

2377 417 2475 483 [A.
2496 420 2563 472 U.
2585 420 2697 471 822.

488 1151 717 1214 digressis
735 1150 877 1199 etiam
913 1148 1156 1199 citissimis
1178 1128 1654 1209 mancipiorum-aut
1687 1149 1977 1207 conspectum
2011 1143 2111 1204 <ius
2131 1143 2402 1193 vitantibus.
2470 1145 2700 1193 Pavorem

489 1214 640 1276 infert
661 1216 877 1277 vastitas,
898 1220 944 1263 et
982 1216 1170 1262 silentes
1201 1212 1319 1262 loci.-
1353 1215 1507 1259 tentat
1527 1213 1729 1258 secretu.-
1761 1209 1919 1257 horret
1939 1212 2159 1266 deser-tm
2188 1210 2426 1271 lassusque
2444 1209 2702 1259 miserabili

488 1296 664 1357 errore,
700 1285 749 1329 et
780 1280 910 1355 turpi
930 1279 1125 1329 latibulo
1160 1283 1304 1326 semet
1326 1278 1621 1343 abscondens,
1663 1275 1780 1323 hinc
1817 1274 2002 1323 eruitur
2035 1291 2064 1321 a
2100 1275 2234 1323 autu»
2263 1276 2471 1344 Plactdo,
2507 1275 2697 1323 tribune

486 1346 704 1409 cohortes.
775 1346 1013 1407 Rettgatoe
1028 1348 1137 1408 post
1159 1348 1348 1405 tergum
1369 1356 1553 1402 manus,
1572 1342 1778 1389 lacerata
1795 1345 1938 1402 veste,
1960 1338 2167 1399 deforme
2185 1341 2521 1405 spectaculum,
2538 1340 2697 1391 trahe-

1411 1479 1768 1499 OOOOOOOOOOOO

484 1614 585 1648 nou
608 1614 747 1659 vero,
767 1603 946 1649 secreta
981 1601 1171 1649 oedium.
1239 1600 1565 1651 Brotier.—-2
1598 1602 1740 1651 Male
1767 1600 2103 1662 Puteolanus,
2126 1600 2336 1650 Placito.
2400 1599 2508 1650 Ms.
2534 1597 2692 1649 Corb.

484 1680 517 1713 α
538 1666 671 1714 Julio
692 1665 903 1714 Placido.
969 1665 1234 1716 Idem—8
1273 1666 1398 1717 Mss.
1423 1669 1583 1720 Corb.
1606 1666 1729 1730 Agr.
1750 1672 1807 1715 et
1828 1665 1988 1715 editio
2010 1667 2274 1730 princeps,
2292 1670 2475 1729 tergum
2492 1680 2694 1729 pone.-

1480 1799 1694 1850 NOTAE

547 1912 564 1944 ²
580 1912 800 1975 Dilapsis
818 1912 961 1960 etiam
983 1902 1184 1979 infimis]
1215 1912 1434 1964 Duobus
1465 1929 1541 1964 co·
1692 1913 1923 1963 Pudenda
1941 1910 2148 1976 latebra]
2180 1912 2325 1962 Suet.
2347 1911 2455 1962 Vit.
2480 1916 2561 1962 16.
2627 1910 2692 1962 Iit
2717 1924 2722 1928 ·

479 1982 674 2037 mitibus
687 1989 868 2052 pistore
886 1996 934 2038 et
959 2006 1120 2053 coquo,
1140 1990 1428 2040 Aventinum
1450 2005 1541 2055 pe-
1619 1992 1889 2041 ·Palatium
1911 2005 2170 2055 reversus,
2205 1991 2221 2019 ‘
2246 1990 2319 2040 ibi
2343 2004 2461 2039 cum
2486 1989 2691 2039 deserta

481 2067 657 2117 tierat.
726 2067 927 2130 Dignus
954 2069 1045 2117 tali
1069 2070 1306 2134 principe
1328 2072 1541 2121 comita-
1627 2069 1799 2118 omnia
1840 2068 2134 2134 reperisset,
2156 2066 2508 2119 dilabentibus
2531 2066 2691 2117 etiam

480 2151 583 2194 tus.
648 2144 749 2195 Sed
773 2159 890 2194 cum
913 2146 1277 2209 regrederetur
1314 2147 1365 2196 in
1404 2148 1543 2213 pala·
1623 2148 1709 2212 qui
1754 2148 1902 2196 simul
1942 2152 2114 2210 erant,
2156 2159 2285 2194 zona
2320 2159 2376 2194 se
2419 2158 2690 2195 aureorum

479 2220 626 2285 tium,
646 2220 733 2271 isti
755 2220 909 2270 ctiam
935 2222 1121 2287 dilapsi
1144 2230 1279 2273 sunt.
1623 2223 1781 2288 plena
1835 2221 2201 2285 circumdedit,
2256 2220 2592 2288 confugitque
2636 2223 2689 2272 in

560 2306 583 2331 ¹¹
612 2299 781 2348 Terret
819 2301 1023 2349 solitudo
1067 2307 1117 2351 et
1169 2306 1377 2352 tacentes
1429 2303 1544 2367 toci]
1623 2301 1859 2350 cellulam
1885 2299 2149 2364 janitoris,
2184 2298 2408 2364 religato
2448 2313 2544 2362 pro
2571 2297 2691 2349 fori·

477 2374 724 2439 Virgilius
762 2391 1002 2426 arcanum
1040 2379 1396 2445 buucpnaturae
1427 2395 1541 2430 nos-

479 2459 575 2503 trae
611 2462 803 2503 motum
844 2456 1042 2518 pariter
1080 2454 1263 2506 effert:
1300 2458 1539 2509 ‘Horror

473 2529 666 2596 ubique
709 2534 923 2595 animos,
968 2540 1127 2598 atque
1172 2536 1284 2598 ipsa
1326 2536 1537 2585 silentia

473 2606 735 2658 terrent.’.

536 2690 559 2716 v
589 2685 763 2734 Tentat
782 2687 962 2751 clausu]
994 2686 1195 2752 Nempe
1216 2680 1428 2739 velutin
1453 2706 1534 2740 so·

471 2764 653 2815 latium
676 2772 731 2814 et
753 2765 1038 2816 subsidium
1071 2769 1329 2831 explorat,
1349 2775 1536 2833 tentat,

470 2848 535 2890 an
558 2855 614 2890 se
649 2841 774 2905 ipsis
812 2842 939 2890 locis
973 2842 1071 2891 illis
1093 2844 1282 2893 clausis
1326 2844 1539 2895 abscon-

470 2917 614 2980 dere,
634 2933 698 2966 an
723 2918 792 2966 ibi
817 2918 980 2968 latere
1003 2918 1137 2969 forte
1160 2919 1340 2984 possit.

538 2996 712 3044 Tentat
734 2995 915 3058 clausa]
951 2996 1169 3059 Anxius,
1193 3003 1249 3046 et
1267 3012 1409 3062 aeger
1431 2997 1537 3048 ani-

467 3071 560 3133 mi,
578 3072 741 3119 vellet
763 3087 1098 3136 perrumpere
1135 3075 1292 3123 clausu
1320 3068 1454 3141 loca,
1476 3082 1534 3126 et

462 3148 743 3198 inhorrescit
763 3150 957 3213 apertis
982 3165 1043 3199 ac
1062 3153 1236 3200 vacuis.

529 3234 563 3259 w
580 3228 812 3276 Pudenda
840 3227 1042 3290 latebra]
1095 3229 1298 3294 Nempe
1321 3229 1374 3278 in
1397 3231 1528 3281 cella

455 3302 720 3367 janitoris,
738 3303 801 3352 ad
824 3320 972 3368 quam
991 3307 1131 3355 canis
1152 3322 1215 3356 ex
1234 3322 1374 3357 more
1397 3308 1527 3358 iuvi·

462 3380 677 3444 gilabat.
746 3381 960 3432 Petron.
991 3384 1007 3410 ‘
1032 3384 1094 3433 In
1120 3384 1264 3434 aditu
1290 3384 1402 3448 ipso
1424 3391 1523 3434 sta-

464 3457 555 3506 bat
580 3459 816 3508 ostiarius
834 3462 1143 3524 prasinatus,
1161 3462 1393 3512 cerasino
1412 3478 1524 3513 suc-

459 3534 657 3586 cinctus
681 3537 902 3601 cingulo,
919 3545 1078 3603 atque
1100 3539 1153 3588 in
1177 3540 1323 3589 lance
1344 3555 1523 3604 argen-

459 3619 547 3664 tea
578 3615 748 3679 pisum
783 3616 1057 3679 purgabat.
1156 3618 1326 3682 Super
1366 3618 1519 3667 limen

457 3698 632 3742 autem
655 3706 818 3741 cavea
836 3695 1099 3756 pendebat
1118 3710 1294 3757 aurea,
1330 3696 1382 3745 in
1418 3711 1520 3762 qua

451 3767 578 3832 pica
597 3768 740 3835 varia
757 3769 1005 3819 intrantes
1024 3773 1299 3820 salutabat.
1367 3772 1519 3822 Cete-

456 3856 568 3892 rum
615 3859 730 3909 ego,
770 3845 886 3894 dum
932 3849 1101 3896 omnia
1135 3856 1340 3911 stupeo,
1368 3863 1517 3910 paene

454 3921 779 3987 resupinatus
803 3937 953 3974 crura
973 3940 1085 3973 mea
1102 3923 1232 3989 fregi
1254 3941 1268 3984 ;
1295 3924 1359 3974 ad
1374 3925 1517 3973 sinis-

1621 2377 1716 2426 bus
1760 2392 1912 2440 caue,
1957 2378 2198 2442 lectoque
2243 2382 2299 2425 et
2335 2376 2561 2427 culcitra
2603 2376 2689 2426 ob-

1610 2454 1809 2518 jectis!
2365 2498 2370 2503 .

1682 2533 1910 2596 Lutebru]
1945 2533 2114 2582 Paulo
2139 2532 2292 2583 aliter
2311 2532 2419 2582 Dio
2439 2549 2453 2581 τ
2490 2533 2506 2561 ‘
2530 2524 2690 2584 Vitel-

1613 2613 1712 2662 lius
1753 2613 1962 2663 sordido
2002 2613 2288 2678 attritoque
2322 2614 2501 2677 sagulo
2535 2613 2686 2661 amic-

1614 2700 1718 2757 tus,
1740 2709 1796 2743 se
1821 2694 1971 2744 abdit
2011 2695 2061 2743 in
2090 2694 2367 2744 obscurum
2407 2695 2577 2743 locum
2598 2691 2685 2742 ubi

1617 2785 1773 2820 canes
1812 2771 2090 2821 alebantur
2113 2803 2128 2820 .
2152 2806 2165 2821 .
2193 2809 2206 2822 .
2232 2808 2245 2822 .
2269 2772 2360 2821 sed
2407 2771 2686 2835 investiga-

1618 2854 1701 2897 tus
1722 2863 1753 2897 a
1771 2848 2021 2898 militibus
2050 2885 2062 2898 .
2090 2886 2102 2901 .
2127 2887 2139 2900 .
2164 2887 2177 2901 .
2200 2848 2387 2914 pannis
2411 2846 2609 2898 obsitus
2630 2854 2685 2898 et

1614 2927 1861 2990 sanguine
1899 2926 2153 2990 perfusus,
2198 2927 2336 2993 quod
2378 2942 2494 2977 enm
2531 2942 2681 2978 canes

1612 3003 1880 3067 laeserant,
1897 3005 2331 3069 deprehenditur3
2358 3005 2680 3071 discissaque

1612 3086 1780 3143 veste,
1813 3089 1870 3132 et
1894 3082 2078 3132 vinctis
2113 3098 2145 3131 a
2180 3089 2331 3147 tergo
2351 3083 2604 3147 manibus,
2626 3089 2680 3133 et

1609 3159 1797 3223 laqueo
1814 3161 1879 3210 ad
1902 3164 2090 3211 collum
2110 3162 2345 3227 religato,
2368 3162 2630 3213 Caesarem
2649 3176 2676 3212 e

1608 3237 1804 3300 palatio
1843 3271 1857 3287 .
1882 3275 1894 3289 .
1921 3276 1934 3288 .
1960 3276 1973 3289 .
2015 3239 2301 3304 deducunt,
2358 3241 2674 3307 trahuntque

1607 3314 1693 3365 via
1710 3331 1855 3366 sacra
1877 3317 2274 3382 Imperatorem,
2291 3333 2393 3384 qua
2414 3325 2537 3369 ante
2560 3333 2678 3368 ova-

1607 3392 1723 3442 rat.’

1670 3475 1697 3502 *
1714 3470 2070 3534 Protrahitur]
2116 3473 2259 3523 Suet.
2282 3473 2393 3524 vit.
2417 3477 2500 3524 17.
2537 3473 2555 3502 ‘
2578 3476 2678 3525 Ex-

1604 3552 1804 3596 tractus
1848 3563 1877 3597 e
1913 3549 2130 3612 latebra,
2165 3549 2502 3614 sciscitantes,
2545 3551 2676 3616 quis·

1601 3637 1720 3671 nam
1743 3634 1902 3689 esset,
1922 3625 2065 3691 (nam
2103 3626 2485 3692 ignorabatur,)
2509 3636 2565 3679 et
2587 3628 2671 3678 ubi

1602 3715 1716 3750 esse
1730 3702 1996 3752 Vitellium
2017 3703 2192 3767 sciret,
2206 3703 2477 3753 mendacio
2492 3705 2668 3755 elusit:

1602 3776 1793 3826 deinde
1827 3779 2051 3843 agnitus,
2093 3794 2278 3842 rogare
2318 3792 2420 3829 non
2451 3781 2670 3843 destitit,

1601 3854 1745 3919 quasi
1770 3855 2006 3919 quaedarn
2048 3855 2113 3904 de
2154 3855 2321 3905 salute
2360 3857 2670 3922 Vespasiani

1601 3929 1857 3993 dicturus,
1877 3940 1933 3980 ut
1960 3931 2314 3982 custodiretur
2345 3933 2566 3999 interea,
2587 3935 2665 3984 vel

453 4002 587 4046 tram
628 4000 761 4047 enim
797 4001 1126 4063 intrantibus,
1147 4017 1248 4050 non
1272 4003 1422 4059 longe
1451 4003 1516 4051 ab
1596 4007 1647 4055 in
1672 4022 1904 4067 carcere,
1928 4009 2095 4057 donec
2122 4009 2346 4069 vinctis‚'
2371 4014 2473 4061 ὅτε.

452 4074 653 4125 ostiarii
705 4079 853 4136 cella,
908 4080 1048 4127 canis
1105 4083 1281 4144 iugens
1325 4088 1515 4131 catena

452 4150 676 4216 vinctuS,
697 4155 745 4202 in
779 4146 982 4218 p'ariete
1014 4164 1132 4206 erat
1169 4158 1377 4221 pictus3
1430 4174 1513 4208 su-

1661 4093 1682 4128 !
1706 4087 1914 4135 Laniata
1944 4086 2095 4152 veste]
2143 4087 2231 4135 Sic
2256 4088 2474 4137 innuere
2490 4088 2666 4138 videa·

1594 4169 1699 4226 tur,
1721 4178 1895 4212 verum
1939 4178 2054 4212 esse
2074 4163 2214 4227 qnod
2237 4164 2310 4212 ait
2329 4164 2468 4228 Dio;
2507 4165 2665 4213 Vitel-

451 4242 651 4294 perque
671 4231 923 4294 quadrata
944 4233 1098 4284 litera
1113 4233 1332 4302 pictum,
1351 4237 1511 4302 Cave,
1591 4239 1719 4288 lium
1732 4253 1843 4289 sese
1859 4239 2114 4289 abdidisse
2128 4240 2182 4288 in
2194 4240 2452 4289 stabulum
2467 4253 2663 4301 cauum,

451 4319 598 4370 cave,
623 4308 842 4357 canem!

1596 4322 1654 4366 et
1687 4318 1972 4369 laceratam
2009 4329 2111 4367 non
2141 4318 2305 4370 solum
2329 4323 2547 4382 vestem,
2569 4315 2661 4368 sed
