3050 4917
319 355 456 421 ⁴⁶0.
479 354 586 420 οι]

1011 351 1557 412 mmnlAnUM'
1593 359 1739 413 mn.
1783 349 1896 413 m.

2353 335 2529 422 2829

227 552 236 559 ,
321 502 473 583 (pro
515 495 873 566 Consule*
928 517 1076 566 eam
1120 501 1529 585 provinciam
1562 499 1794 572 'annuo
1812 499 1823 528 ²
1844 508 2163 594 imperiom
2206 489 2530 599 tenuerat)

311 706 592 760 perannum
606 697 884 764 prasumat,
895 703 1213 765 proconsulari
1233 703 1451 768 imperio,
1475 706 1663 756 Moenioe
1677 708 1930 773 prefectus
1948 716 2049 761 est.-
2078 712 2294 775 adiuncto
2316 713 2467 766 milita
2501 727 2529 765 e

333 828 356 869 Ι
1247 850 1600 874 eeeeeenoeee

333 949 356 959 ‘'
384 947 417 995 8
452 944 543 996 Ita
584 945 791 1011 quidem
839 947 967 1000 Mss.
1010 947 1147 999 Flor-
1191 952 1319 1017 Reg.
1363 945 1508 1018 Agr.‘
1534 955 1699 1006 editio
1736 955 2001 1021 princeps,
2056 956 2286 1023 Ryckius
2338 964 2394 1009 et
2448 973 2528 1010 re·

322 1011 604 1064 mutieres.
671 1014 799 1068 Mss.
843 1015 995 1064 Harl.
1034 1015 1188 1066 Bodl.
1225 1017 1335 1070 Jes.
1370 1026 1426 1069 et
1468 1020 1808 1086 Puteolanus,

2051 1024 2083 1075 1.
2146 1023 2296 1073 Idem
2318 1025 2526 1075 omnino

322 1082 426 1146 est,
465 1077 577 1127 sive
617 1081 909 1145 proconsule,
936 1080 1043 1131 sive
1059 1086 1307 1146 proconsul
1327 1085 1616 1150 scripseris.
1685 1088 1824 1138 lund
1849 1095 2049 1150 tantum
2068 1089 2223 1155 paulo
2244 1089 2531 1156 antiquius.·

323 1137 538 1191 Brutia.

1317 1294 1537 1350 NoTAE

324 1425 434 1482 que⁴
469 1411 541 1463 sit
584 1413 845 1478 Fonteius,
876 1420 934 1466 ut
967 1417 1081 1467 vult
1108 1401 1387 1483 sompnus,

323 1495 465 1542 certe
502 1491 824 1555 negligenter
856 1491 907 1541 id
927 1494 1135 1558 scripsit
1153 1495 1386 1558 Tacitus,

326 1567 414 1644 qui
436 1566 558 1616 silet
582 1568 648 1616 de
684 1569 834 1617 clade
868 1574 924 1618 et
957 1570 1118 1620 exitio
1149 1572 1244 1622 viri
1269 1587 1386 1622 con·

325 1641 527 1720 aulatis:
576 1643 663 1693 An
686 1645 816 1694 Daci
841 1646 1195 1714 rebellassent,
1216 1648 1387 1714 profli-

324 1731 636 1796 gassentque
702 1724 991 1776 exercitum
1062 1728 1385 1788 consularem

325 1806 446 1866 post
484 1799 806 1865 Mucianum,
849 1809 905 1853 et
954 1810 1075 1867 post
1116 1806 1386 1856 victoriam

326 1875 745 1943 Cremonensem,
777 1895 893 1930 cum
914 1881 1120 1933 abunde
1145 1890 1392 1948 suppete-·

327 1960 442 2003 rent
486 1957 654 2022 copiae
699 1958 847 2009 Rom.
889 1967 944 2009 et
977 1974 1100 2024 opes
1141 1961 1386 2011 adversus

326 2030 622 2082 Barbaros?

392 2109 553 2159 Forte
597 2112 868 2164 Mucianus
903 2114 1086 2166 advehi
1124 2116 1295 2179 potnit
1335 2117 1388 2166 in

267 2183 274 2187 ’
326 2185 585 2249 Moesiam,
637 2204 751 2239 cum
801 2193 947 2255 gravi
989 2193 1191 2256 agmine
1231 2194 1388 2258 legio-

327 2274 470 2326 num,
493 2270 691 2314 tantum
716 2268 855 2317 cirea
886 2268 1041 2319 finem
1075 2272 1263 2320 mensis
1285 2274 1391 2322 De·

330 2340 575 2405 cembriS,
619 2350 672 2393 et
713 2353 821 2395 tum
865 2345 937 2395 ibi
981 2347 1268 2397 instaurare
1311 2364 1391 2398 res

329 2415 607 2478 Romanas.
665 2420 740 2471 At
771 2423 1034 2489 Fonteius,
1055 2439 1171 2474 cum
1194 2433 1392 2475 metue-

329 2503 449 2546 rent
492 2499 723 2548 Flaviani
760 2502 1021 2565 praecipue
1077 2509 1130 2552 et
1165 2504 1391 2567 legiones

329 2573 567 2625 Moesicae
602 2579 705 2626 suis
743 2581 923 2629 castris
938 2581 1195 2643 Moesicis,
1218 2582 1393 2630 statim

329 2652 515 2702 missus
557 2654 678 2718 tuit,
725 2664 781 2707 ut
838 2658 1089 2723 conjicere
1134 2666 1231 2721 est,
1276 2665 1395 2724 post

328 2741 556 2794 pugnam
590 2732 1005 2796 Cremonensem,
1042 2736 1059 2762 ⁶
1082 2734 1273 2785 additis
1307 2750 1393 2784 co-

329 2808 432 2872 piis
454 2823 485 2858 e
502 2810 781 2860 Vitelliano
804 2812 1058 2873 exercitu,
1080 2828 1229 2876 quem
1250 2827 1393 2876 spar-

331 2885 382 2949 gi
426 2898 523 2950 per
562 2889 867 2952 provincias,
907 2897 962 2938 et
996 2896 1215 2939 externo
1257 2890 1393 2941 bello

330 2963 539 3028 illigari,
561 2982 676 3030 pars
698 2967 898 3016 consilii
921 2968 1166 3033 pacisque
1191 2970 1339 3018 erat!

341 3033 352 3043 ¹
394 3041 535 3090 Duae
565 3057 645 3091 res
685 3050 793 3092 tum
831 3045 977 3093 valde
1001 3044 1269 3109 urgebant,
1292 3045 1397 3094 bel·

330 3117 435 3167 lum
459 3119 743 3182 Dacorum,
765 3127 832 3169 et
850 3137 950 3185 pax
976 3123 1286 3173 discordium
1323 3126 1394 3173 le-

333 3194 580 3261 gionum;
618 3213 794 3261 pugna
840 3206 1011 3248 autem
1036 3201 1396 3249 Cremonensis

333 3265 607 3326 eommissa
649 3285 871 3327 exeunte
902 3277 1143 3327 Octobri.
1210 3278 1398 3343 Itaque

332 3354 512 3418 potuit
549 3355 796 3404 Fonteius
825 3356 1009 3404 advehi
1047 3371 1163 3405 cum
1189 3357 1398 3421 legioni·

332 3430 429 3480 bus
467 3431 761 3482 Vitellianis
797 3449 862 3481 ex
886 3431 1116 3483 Italia.in
1139 3434 1397 3495 Moesiam,

333 3508 520 3571 fieriuS,
563 3510 703 3562 circa
759 3509 913 3559 finem
963 3511 1288 3573 Novembris,
1343 3517 1400 3562 et

331 3586 592 3650 praevenit
614 3587 745 3635 haud
771 3587 925 3636 dubie
945 3588 1260 3637 Mucianum.
1293 3589 1400 3637 Sic·

335 3673 436 3727 que
464 3662 600 3712 vinci
626 3666 794 3727 potnit
815 3680 843 3712 a
865 3665 1048 3723 Dacis·‚
1072 3680 1187 3713 eum
1209 3673 1399 3715 utram-

335 3749 435 3804 que
455 3739 619 3804 ripam
641 3739 863 3790 fluminis
880 3747 1218 3805 occuparunt,
1240 3743 1400 3805 prius-

336 3815 488 3883 quam
516 3817 823 3867 adventaret
855 3818 1137 3869 Mucianum.

343 3905 352 3914 ”
402 3898 562 3947 Forte
599 3898 840 3944 veniebat
885 3913 949 3944 ex
990 3896 1134 3959 Asia,
1158 3897 1241 3945 cui
1270 3912 1403 3961 prae-

337 3963 534 4037 fuerat,
558 3973 827 4030 Fonteiu5‚
852 3974 948 4022 nisi
973 3974 1107 4023 forte
1134 3975 1280 4023 simul
1313 3975 1402 4024 ad-

336 4053 617 4102 veheretur
659 4067 774 4100 cum
813 4051 1084 4100 Muciano:
1122 4052 1258 4115 quod
1300 4066 1401 4100 non

340 4134 490 4194 puto.
559 4129 692 4177 Nam
730 4135 875 4176 'certe
909 4125 1155 4176 festinare
1184 4130 1401 4178 maxime

341 4199 545 4269 debuit,
564 4205 757 4270 quippe
796 4212 853 4253 ut
893 4203 1137 4254 adversus
1161 4205 1404 4254 insultan-

329 4291 423 4342 ,tes
463 4285 674 4350 impuu'e
705 4286 981 4336 Barbaros.
1035 4269 1229 4335 Mirum
1266 4284 1404 4351 quod

1466 1421 1618 1472 sileat
1639 1419 1846 1473 ’Ilaeltus
1885 1422 1951 1472 de
1989 1420 2197 1473 fortuna
2235 1417 2460 1487 Fonteii,
2487 1421 2532 1471 si

1466 1504 1573 1546 tam
1611 1496 1788 1564 iniqua
1821 1497 1939 1561 fuit,
1962 1505 2023 1549 ut
2064 1498 2221 1549 tradit
2252 1499 2532 1563 Josephus.

1464 1574 1889 1628 Sed-auctoribus
1928 1576 2131 1626 Graecis
2165 1582 2223 1627 et
2250 1576 2534 1630 Orientali-

1470 1652 1564 1701 bus
1602 1667 1705 1703 non
1743 1668 1952 1718 prorsus
1990 1652 2257 1704 fidendum
2290 1653 2344 1704 in
2376 1653 2533 1708 rebus

1467 1730 1618 1779 Rom.

1519 1806 1761 1856 fonteius
1799 1808 2044 1873 Agrippa]
2085 1808 2190 1859 Hic
2225 1807 2537 1873 praepositus

1468 1884 1672 1937 Moesiae
1728 1901 1759 1936 a
1806 1885 2145 1951 Vespasiano,
2198 1900 2292 1935 seu
2346 1892 2534 1951 sponte

1466 1964 1598 2029 ejus,
1623 1981 1653 2014 a
1678 1966 1940 2028 Muciano,
1957 1965 2095 2031 quod
2118 1964 2258 2015 idem
2280 1969 2389 2016 est:
2413 1979 2535 2015 nam

1470 2047 1525 2091 et
1562 2040 1745 2091 habuit
1767 2042 1901 2091 haud
1925 2042 2081 2091 dubie
2105 2042 2349 2091 annulum
2388 2042 2533 2106 prin-

1469 2117 1605 2182 cipis
1638 2119 1932 2182 Mucianus,
1967 2119 2035 2169 ad
2071 2119 2236 2169 instar
2258 2133 2418 2183 ranae,
2441 2131 2534 2168 seu

1468 2197 1697 2260 sphingis
1726 2197 2060 2261 Augustaeae3
2096 2211 2196 2262 quo
2234 2195 2409 2245 munia
2441 2194 2541 2245 im·-

1469 2273 1602 2338 perii
1646 2288 1740 2337 pro
1780 2274 1930 2322 libito
1975 2282 2204 2338 gereret,
2236 2271 2535 2323 firmaretve

1460 2350 1627 2415 jussa.
1683 2350 2003 2415 Praepositus
2028 2358 2107 2400 est
2130 2350 2380 2399 Fonteius
2403 2349 2538 2400 Μω-

1472 2429 1579 2490 siae,
1596 2429 1615 2456 ‘
1633 2427 1825 2478 additis
1850 2428 2014 2491 copiis
2034 2443 2061 2476 e
2080 2427 2363 2476 Vitelliano
2387 2442 2536 2477 exer-

1474 2506 1616 2566 citu,'
1658 2521 1773 2571 quae
1818 2505 1930 2555 scil.
1970 2505 2149 2569 praelio
2204 2504 2538 2555 Cremonensi

1475 2582 1631 2632 victae
1688 2590 1865 2644 erant3
1938 2597 2058 2645 ergo
2100 2582 2246 2644 jussu
2301 2580 2537 2629 Flaviani

1475 2659 1818 2724 principatus.
1883 2659 1984 2709 Sed
2014 2660 2212 2707 mirum
2252 2664 2351 2719 est,
2394 2655 2538 2722 quod

1472 2737 1626 2787 sileat
1660 2737 1867 2788 Tacitus
1907 2738 1971 2786 de
2006 2735 2224 2785 Fonteio
2260 2731 2539 2798 profligato

1476 2829 1506 2874 a
1536 2815 1712 2877 Dacis,
1744 2822 1800 2864 et
1832 2813 2131 2864 interfecto.
2200 2812 2536 2864 Verisimilius

1475 2879 1645 2940 tamen
1677 2898 1758 2941 est
1794 2892 1985 2940 victum
2020 2889 2177 2938 fuisse
2218 2889 2402 2937 ducem
2438 2889 2541 2938 Ro-

1473 2983 1695 3027 manum,
1716 2984 1831 3017 cum
1859 2967 1971 3031 jam
2005 2971 2199 3029 utraque
2229 2966 2338 3027 ripa
2360 2966 2539 3015 Danu-

1477 3044 1552 3096 bii
1593 3047 1885 3110 potirentur
1931 3045 2086 3105 Daci,
2126 3051 2180 3094 et
2220 3043 2539 3094 succurrisse

1475 3122 1527 3172 in
1544 3127 1777 3185 tempore
1797 3121 2085 3186 legionibus
2104 3121 2384 3190 castrisque
2404 3120 2539 3170 Moe-

1478 3193 1598 3249 sicis
1637 3200 1955 3261 Mucianum,
1977 3214 2093 3248 cum
2129 3206 2279 3247 sexta
2317 3197 2540 3261 legione.

1479 3277 1597 3326 Hoc
1621 3277 1840 3340 contigit
1878 3278 2016 3326 circa
2052 3290 2275 3323 mensem
2313 3276 2541 3323 Decem-

1478 3352 1644 3414 brem,
1664 3370 1763 3418 quo
1804 3353 1943 3403 forte
1977 3354 2089 3417 jam
2125 3353 2393 3402 Danubius
2419 3354 2545 3416 gelu

1480 3430 1668 3494 rigens,
1710 3439 1875 3493 ponte
1914 3431 2015 3480 alio
2058 3441 2156 3478 nen
2188 3430 2542 3492 indigeret,.et

1479 3499 1582 3571 quo
1604 3506 1759 3556 facile
1783 3509 2193 3557 transmitterent
2216 3507 2455 3557 Barbari.

1546 3585 1772 3633 Fonteius
1792 3584 2034 3648 Agrippa]
2067 3585 2141 3633 Ut
2173 3592 2350 3633 narrat
2386 3583 2542 3636 Taci-

1482 3670 1586 3722 tus,
1618 3662 1885 3721 impositus
1931 3662 2132 3712 Moesiae
2180 3661 2380 3711 videtur
2415 3662 2547 3728 Fon-

1484 3739 1615 3787 teius
1634 3745 1752 3802 post
1773 3729 2048 3790 adventum
2072 3741 2330 3800 Muciani3
2366 3740 2543 3806 itaque

1482 3824 1538 3864 et
1561 3815 1860 3881 profligatus
1883 3818 2000 3878 erit,
2024 3819 2067 3865 si
2097 3831 2215 3867 vere
2244 3816 2546 3881 profligatus

1481 3889 1589 3962 est,
1608 3901 1874 3958 postquam
1897 3895 1950 3944 in
1986 3891 2196 3944 Italiam
2234 3893 2375 3943 venit
2407 3893 2543 3943 idem

1481 3970 1772 4020 Mucianus.
2296 4031 2301 4036 ,

1549 4047 1562 4080 ¹
1593 4049 1731 4109 Asia,
1769 4066 1852 4113 pro
1880 4050 2097 4113 Consule]
2144 4049 2547 4099 proconsulatus

1483 4125 1626 4176 Asiae
1671 4127 1973 4177 continebat
2018 4132 2213 4190 partem
2255 4126 2549 4176 occidente

1483 4206 1587 4278 lem
1609 4204 1750 4254 Asiae
1786 4207 1997 4254 minoris
2039 4206 2249 4269 proprie
2273 4205 2454 4267 dictae,
2477 4202 2546 4254 ad

1484 4298 1627 4333 mare
1647 4282 1900 4349 AEgaeum,
1919 4291 1977 4333 et
1996 4282 2082 4331 ubi
2105 4280 2397 4346 ‚provincia
2429 4282 2546 4331 AEo-
