3050 4917
1155 399 1277 449 ja„
1323 397 1707 449 mmmmm
1741 398 2043 451 melna

2394 407 2585 474 [Am.
2600 405 2727 464 ³2!-

515 542 731 623 turne,
782 541 1057 630 Alpium
1110 543 1588 614 maritimarum
1642 545 2091 624 Pmouratot,⁵
2109 543 2138 584 ¹*
2188 546 2368 614 fidus
2420 548 2724 634 Viteffln,

517 646 720 732 cujus
750 642 1271 725 sacramentum,i
1307 648 1559 714 cunctis
1586 649 2172 729 circa-hostilibu8‚
2201 652 2533 719 nondum⁶
2544 659 2726 723 ,61115-
2821 752 2831 761 ⁵

501 789 627 886 'jude
660 805 879 887 agitabat
918 824 1109 874 Marius
1141 824 1387 888 Maturus,
1420 832 1702 890 procurator
1736 825 1931 891 Alpium
1965 828 2336 892 maritimarum,
2370 836 2590 886 constans
2622 787 2723 896 'pra

520 885 732 955 Vitellio,
751 890 883 952 cnjus
903 889 1058 956 fidem
1079 892 1282 964 nondum
1299 896 1534 956 mutarat,
1566 892 1746 942 mactis
1766 894 1944 942 circum
1965 891 2179 954 infensis.
2244 894 2300 944 Is
2321 895 2521 958 benigne
2552 895 2722 948 Valeat·

1439 1035 1620 1055 ‘OM

1622 1036 1799 1057 “Om

513 1135 733 1203 proinde
752 1135 959 1189 sevitia.
989 1133 1270 1187 Oberl.-4
1304 1135 1406 1186 Ms.
1429 1135 1661 1187 Budens.
1684 1137 1812 1189 haud
1830 1140 2111 1190 adverse—5
2147 1141 2296 1192 Idem
2314 1142 2420 1195 Ma.
2439 1112 2724 1207 spectamur.

515 1207 616 1253 -6
646 1202 732 1253 Sic
751 1203 857 1252 Ms.
880 1201 1022 1252 Flor.
1044 1201 1208 1252 editio
1231 1201 1495 1268 princeps,
1515 1203 1747 1253 Pichena
1768 1209 1824 1254 et
1842 1205 2176 1257 recentiores.
2238 1208 2374 1259 Mss.
2400 1208 2555 1259 Harl.
2579 1207 2732 1264 Bodl.

1514 1370 1729 1423 NOTAE

513 1468 674 1532 fliius.
737 1481 835 1533 Est
856 1487 911 1534 et
935 1482 1083 1548 alius,
1118 1483 1206 1549 qui
1228 1497 1412 1533 nomen
1432 1490 1582 1536 vetus

515 1559 685 1611 adhuc
706 1560 916 1626 retinet,
930 1563 1124 1612 Portus
1141 1561 1421 1613 Herculis?
1477 1562 1581 1613 Sed

516 1644 576 1688 et
615 1638 685 1687 ab
716 1639 919 1701 eodem,
959 1653 1075 1688 cnm
1114 1645 1269 1704 portu
1311 1645 1579 1690 exstructa

515 1714 684 1766 rideri
708 1723 880 1780 potest
901 1732 1014 1779 arx,
1042 1718 1128 1767 cui
1152 1718 1369 1780 Monigo,
1390 1720 1473 1767 vel
1494 1718 1582 1783 (ut

512 1791 900 1857 mumanae-120,
938 1808 1122 1843 nomen
1146 1795 1343 1857 ¹vulgus
1379 1802 1579 1844 nostra·-

515 1869 646 1919 tium
684 1870 792 1934 dat,
833 1887 865 1922 a
916 1871 1089 1935 priore
1131 1871 1296 1920 literis
1347 1871 1580 1936 pauculis

518 1945 735 1998 distanS.

578 2023 698 2074 Hoc
732 2024 916 2074 suadet
952 2021 1250 2074 Ammianus
1289 2025 1327 2075 1.
1360 2038 1451 2075 xv·
1485 2023 1579 2076 nbi

513 2099 581 2151 de
624 2100 867 2150 Thebano
904 2100 1135 2151 Hercule
1183 2101 1247 2150 ad
1284 2101 1577 2166 Geryonem

512 2176 968 2240 exstinguendum,
993 2183 1048 2226 et
1068 2177 1372 2227 Tauriscum
1409 2178 1577 2230 lenius

511 2253 801 2317 gradiente,
854 2255 870 2282 ‘
895 2253 1159 2318 Monoeci,'
1212 2256 1400 2319 inquit,
1455 2257 1471 2284 ‘
1497 2270 1577 2306 ar-

511 2343 625 2380 cem
648 2335 703 2379 et
724 2338 931 2394 portum
967 2330 1031 2380 ad
1068 2345 1347 2395 perennem
1371 2332 1449 2381 sui
1471 2347 1577 2383 me-

512 2408 727 2458 moriam
751 2409 1111 2460 consecravit.'
1159 2410 1361 2462 Quibus
1384 2410 1578 2473 verbis,

510 2500 606 2535 arx
640 2486 864 2550 Monoeci,
888 2492 944 2537 et
977 2489 1154 2537 Portus
1188 2487 1415 2538 Herculis
1435 2489 1576 2538 Mon-

510 2562 618 2623 oeci,
641 2563 844 2613 diversa
867 2564 968 2613 duo
990 2564 1364 2630 significantur.

578 2640 710 2691 Haec
751 2655 847 2704 ego
888 2649 1090 2692 tentare
1119 2644 1302 2704 solum,
1336 2641 1576 2692 Volater-

508 2730 664 2767 tanus
686 2715 941 2766 affirmare
966 2732 1118 2767 ausus
1141 2724 1222 2767 est
1247 2719 1282 2766 l.
1304 2731 1383 2767 w.
1416 2718 1432 2745 ‘
1456 2718 1574 2767 Mo-

507 2793 645 2844 noeci
665 2795 875 2852 Portus,
898 2794 1033 2858 quod
1059 2795 1196 2844 solus
1225 2793 1297 2844 ibi
1316 2793 1573 2844 Hercules

508 2874 789 2936 coleretur,
811 2874 960 2923 hodie
986 2873 1300 2925 Monachus.'
1350 2874 1571 2925 Vertran.

571 2953 654 3000 Ad
675 2951 896 3017 Portum]
966 2951 1231 3015 interpres
1274 2950 1491 3017 Hispan.
1523 2954 1573 3001 al

501 3019 690 3079 Puer-to
711 3030 769 3078 de
799 3029 926 3079 Villa
949 3029 1151 3081 Franco.

571 3106 749 3154 Portus
777 3107 996 3155 Herculis
1021 3106 1248 3169 Monoeci]
1304 3106 1444 3157 Urbs
1467 3108 1570 3158 Ve-

506 3180 816 3232 diantiorum
843 3185 1164 3246 populorum,
1186 3184 1236 3232 in
1261 3184 1471 3249 Liguria
1491 3200 1571 3235 re·
1600 3226 1605 3229 .

508 3259 661 3324 gione
685 3261 849 3310 Italiae
870 3279 883 3310 ε
919 3261 1071 3310 hodie
1089 3262 1288 3311 Monaco
1305 3263 1386 3311 vel
1404 3263 1571 3312 Mour-

500 3349 635 3399 gues,
671 3336 789 3385 urbs
812 3336 1131 3401 principatus
1155 3338 1382 3401 Monaei,
1405 3354 1570 3405 prope

503 3426 646 3462 oram
669 3413 1017 3464 Genuensem.
1089 3413 1329 3466 Tillemon.

566 3483 594 3522 ¹¹
628 3492 869 3552 Maturus,
884 3491 1077 3554 Alpium
1097 3492 1441 3543 maritimarum
1462 3510 1569 3557 pro-

501 3568 715 3632 curator]
772 3566 941 3628 Idem,
964 3568 1093 3646 libro
1116 3571 1385 3636 superiori,
1405 3573 1458 3621 in
1482 3573 1567 3624 Li-

501 3646 650 3711 guria
670 3645 978 3695 Othonianis
1019 3643 1232 3707 resistit,
1255 3663 1381 3713 quos
1422 3665 1565 3700 arce-

497 3722 596 3774 bat
618 3737 683 3772 ne
709 3720 898 3771 finibus
938 3722 1228 3773 Provinciae
1259 3731 1447 3775 nostrae
1475 3741 1566 3791 ap-

501 3800 944 3867 propinquarent:
995 3806 1102 3849 tum
1134 3803 1267 3851 enim
1309 3803 1359 3851 in
1402 3803 1566 3853 verba

500 3876 702 3945 Vitellii
728 3876 1003 3926 Provincia
1027 3877 1212 3928 adacta
1234 3885 1370 3937 erat,
1410 3895 1566 3944 quam

499 3954 692 4004 deinde
717 3964 1020 4017 procurator
1042 3957 1278 4006 Valerius
1315 3957 1563 4007 Paulinus

499 4032 862 4098 Forojuliensis
887 4035 936 4083 in
961 4036 1266 4098 Vespasiani
1292 4035 1450 4086 verba
1473 4035 1563 4086 ad-

499 4110 629 4175 egit,
650 4112 724 4161 uti
750 4127 864 4161 mox
889 4113 1087 4162 scribit.

564 4188 715 4238 Licet
750 4197 918 4238 autem
956 4188 1320 4238 maritimarum
1345 4185 1560 4251 Alpium

497 4261 730 4326 nationes
767 4265 833 4336 (si
859 4269 1069 4315 Romam
1092 4262 1359 4329 attendas)
1401 4264 1561 4315 Cisal-

498 4344 636 4413 pinae
667 4344 959 4410 complures
981 4346 1175 4412 essent,
1196 4341 1406 4406 Veneti,
1441 4341 1561 4393 Sta-

1663 1485 1812 1551 tielli,
1830 1488 2104 1551 Vacienni,
2139 1487 2378 1554 Magelli,
2398 1487 2727 1553 EuburiateS,

1660 1563 1943 1628 Intemelii,
1991 1566 2232 1630 Ingauni,
2272 1568 2375 1616 &c.
2425 1565 2728 1630 cisalpinae,

1657 1639 1802 1704 Salii,
1840 1640 2122 1704 Deceates,
2174 1641 2389 1706 Oxybii,
2447 1654 2555 1691 non
2609 1641 2727 1693 ideo

1657 1716 2027 1768 maritimarum
2065 1719 2390 1781 procuratori
2411 1718 2584 1769 eidem
2608 1720 2729 1771 sub-

1656 1800 1808 1843 erant
1827 1808 2024 1859 omnes,
2041 1800 2103 1844 ut
2118 1810 2186 1846 ex
2199 1796 2301 1846 boc
2322 1797 2437 1846 loeo
2460 1795 2728 1847 observari

1658 1876 1852 1933 potest.

1721 1947 1985 2013 Quicquid
2024 1948 2161 1999 enim
2204 1949 2343 1999 inter
2387 1949 2632 2001 Macram
2670 1956 2727 2002 et

1656 2024 1849 2075 Varum
1886 2031 2018 2090 erat,
2057 2025 2235 2080 addito
2270 2023 2553 2090 municipio
2576 2025 2729 2079 Anti-

1658 2103 1779 2168 poli,
1793 2103 2008 2153 Romam
2025 2103 2158 2168 juris
2173 2103 2291 2169 fuit,
2305 2103 2589 2155 obediebat
2609 2119 2727 2170 pro-

1655 2181 1882 2229 curatori
1913 2181 2280 2232 maritimarnm
2297 2198 2313 2231 ε
2360 2179 2614 2247 quicquid
2652 2182 2727 2232 in·

1658 2262 1739 2306 ter
1760 2254 1972 2320 Alpium
1997 2272 2194 2307 summa
2204 2257 2337 2322 juga
2357 2263 2413 2307 et
2437 2257 2724 2315 Massilita-

1656 2348 1775 2383 nam
1796 2334 2061 2394 ditionem,
2082 2335 2409 2398 procuratori
2440 2333 2724 2399 provincia

1656 2410 2004 2460 Narbonensis
2030 2411 2263 2475 parebat.

1720 2487 1819 2536 Sed
1835 2488 1935 2538 etsi
1951 2489 2093 2552 olim,
2106 2487 2388 2551 incipiente
2408 2488 2727 2555 principatu,

1653 2563 1879 2613 Lucilius
1920 2564 2127 2629 Capito,
2168 2563 2367 2616 Tiberii
2412 2564 2637 2616 Caesaris
2670 2564 2726 2617 in

1651 2640 1780 2690 Asia
1802 2648 2122 2705 procurator,
2163 2657 2225 2693 eo
2248 2641 2386 2708 quod
2409 2657 2566 2693 manu
2590 2643 2726 2695 mili-

1653 2722 1761 2767 tum
1784 2733 1905 2768 usus
1927 2724 2082 2781 esset,
2120 2720 2173 2768 in
2207 2719 2418 2769 exilium
2441 2717 2724 2771 damnatus

1649 2792 1840 2857 fuerit3
1906 2797 2111 2859 sensim,
2150 2796 2369 2862 imperio
2413 2797 2728 2863 constituto,

1652 2872 1720 2923 ab
1741 2874 1831 2923 illo
1850 2889 2045 2924 summo
2058 2876 2179 2940 jure
2201 2888 2464 2924 recessum
2489 2879 2591 2925 est.

1648 2951 1651 2958 '
1714 2949 1849 2998 Tum
1872 2949 2007 3000 enim
2036 2951 2089 3000 in
2112 2948 2424 3015 provincias,
2445 2964 2565 3014 quoe
2591 2964 2725 3015 prae·

1651 3034 1817 3078 torem
1871 3035 1960 3079 aut
2033 3025 2391 3094 proconsulem
2443 3025 2724 3094 haberent,

1648 3105 1953 3169 procurator
1969 3107 2272 3171 plerumque
2287 3105 2619 3171 mittebatur,
2633 3106 2724 3172 qui

1647 3181 1874 3232 rationes
1898 3182 2165 3247 principis,
2203 3182 2533 3242 tributorum,
2555 3182 2724 3233 vecti·

1649 3259 1856 3324 galium,
1892 3259 2252 3325 redituumque
2289 3265 2519 3324 curaret,
2552 3266 2617 3311 ut
2654 3259 2723 3311 ad

1649 3332 1785 3385 Ann.
1808 3349 1908 3386 ιιι.
1933 3334 2172 3385 diximus.

1716 3413 1925 3464 Deinde
1948 3428 2062 3464 cum
2086 3427 2169 3462 res
2204 3413 2257 3462 iu
2292 3412 2578 3476 provinciis
2600 3427 2724 3465 con·

1649 3491 1924 3553 sedissent,
1967 3492 2102 3540 solus
2151 3498 2466 3554 procurator
2516 3490 2577 3540 in
2629 3505 2721 3541 eas

1647 3568 1851 3636 missus,
1892 3574 1946 3619 et
1984 3567 2361 3633 praesidiorum,
2391 3567 2721 3633 militumque

1648 3653 1704 3697 et
1725 3647 1802 3696 rei
1826 3646 2126 3711 principalis
2151 3657 2326 3698 curam
2346 3643 2570 3704 habuit:
2595 3658 2720 3709 qua-

1647 3723 1710 3773 lis
1749 3723 1888 3787 apud
1927 3723 2151 3773 Plinium
2191 3723 2292 3785 Ep.
2332 3725 2386 3771 7.
2431 3720 2720 3772 Terentius

1642 3800 1852 3863 Junior,
1887 3805 1944 3850 et
1970 3799 2212 3850 Valerius
2234 3800 2483 3850 Paulinus
2522 3812 2590 3850 ex
2619 3800 2720 3850 Ta·

1645 3876 1750 3926 cito
1774 3877 1980 3926 videtur

1709 3955 1780 4003 Et
1799 3953 1841 4004 si
1856 3953 2144 4004 Proconsnl
2162 3951 2454 4016 provinciam
2469 3953 2719 4018 rexisset,

1642 4043 1760 4079 cum
1796 4029 1862 4079 de
1899 4030 2117 4093 imperio
2144 4029 2492 4091 Vespasianus
2528 4035 2588 4080 et
2625 4030 2714 4079 Vi-

1642 4108 1815 4157 tellius
1835 4106 2233 4167 contenderent,
2247 4106 2420 4170 aliqua
2440 4106 2559 4170 ejus
2576 4110 2714 4157 esset

1641 4200 1672 4235 a
1691 4184 1870 4238 Tacito
1892 4183 2032 4234 facta
2051 4183 2263 4234 mentio.
2336 4184 2561 4234 Vertran.

1686 4260 1719 4295 ’ί
1751 4262 1899 4321 Caius
1921 4260 2283 4324 sacramentum]
2349 4260 2513 4325 Cujus
2552 4259 2710 4313 fldem

1640 4346 1698 4392 et
1718 4347 1897 4405 partes
1919 4338 2145 4390 nondum
2165 4338 2479 4404 ejurarent.
2622 4355 2631 4360 ·
