3050 4917
488 705 605 772 'cis
638 702 852 788 jubet,
897 715 983 760 an
1025 683 1184 757 talis
1223 687 1495 753 caecitas
1527 703 1610 747 ac
1638 680 1946 748 debilitas
1975 696 2107 760 ope
2132 675 2422 752 humana
2444 689 2712 756 supera-

502 806 697 871 bilesc
726 802 953 868 forent.
1044 792 1302 862 Medici
1330 788 1511 855 varie
1540 785 1862 850 disserere
1886 802 1907 848 z
1928 788 1982 829 ¹⁴
2025 784 2047 814 ‘
2074 778 2259 843 Huic
2281 795 2414 841 non
2441 791 2714 839 exesam

503 908 646 973 vim
697 902 991 979 luminis,
1049 902 1119 963 et
1172 893 1555 967 redituram,
1610 887 1673 951 si
1725 885 2113 970 pellerentur
2168 879 2506 944 obstantia
2526 897 2553 951 ⁰,
2618 876 2715 941 illi

497 1009 776 1093 elapsos
822 1003 893 1068 in
921 1016 1201 1089 pravum
1245 1000 1451 1071 artuS,
1501 991 1565 1055 si
1593 987 1878 1053 salubris
1905 985 2013 1054 vis
2051 983 2464 1058 adhibeatur,
2512 995 2715 1065 posse

506 1108 892 1193 mtegrariss
983 1102 1064 1170 Id
1111 1101 1397 1165 fortasse
1426 1091 1615 1158 cordi
1665 1089 1860 1167 Deis,
1918 1093 1985 1153 et
2032 1085 2283 1151 Divino
2325 1080 2719 1148 ministerio}

497 1318 794 1376 mnibus
833 1314 1174 1367 menantium
1213 1311 1267 1361 in
1306 1324 1434 1374 spem
1473 1304 1621 1368 erigi.
1699 1302 1904 1353 Danum
1938 1289 2633 1352 examinares-medicamenta,
2663 1303 2725 1340 aa

508 1386 610 1435 ltoec
644 1385 832 1434 cecitas
861 1397 918 1431 ac
950 1380 1205 1447 infimitas
1239 1377 1438 1426 humano
1458 1371 1662 1422 remedio
1684 1367 1810 1417 vinci
1824 1367 2030 1431 possent.
2097 1361 2284 1411 Medae·
2304 1360 2491 1407 &versa
2511 1370 2696 1405 censere
2709 1370 2727 1403 .-

510 1450 654 1501 Huic
676 1463 779 1498 uon
802 1448 1091 1497 absumtarn
1116 1442 1322 1493 omniuo
1345 1435 1652 1490 facultatem
1672 1434 1830 1495 visus,
1852 1437 1907 1480 et
1929 1439 2273 1487 reversuram,
2294 1438 2337 1501 ξι
2361 1426 2728 1498 amoverentur

1355 1510 1535 1561 artus;
1568 1508 1627 1551 at
1663 1512 1817 1563 posse
1849 1496 1903 1546 iu
1940 1494 2177 1556 integram
2212 1493 2469 1539 mattatem
2503 1491 2729 1546 restitut,

513 1513 876 1580 prohibentia:
912 1512 988 1561 illi
1020 1506 1318 1559 debilitatos
2084 1564 2139 1607 et
2177 1555 2349 1605 divino
2371 1551 2631 1603 beneficio
2654 1565 2730 1624 as?

513 1579 560 1631 si
597 1578 820 1629 salubris
842 1578 1006 1627 virtus
1043 1572 1340 1626 accesserit.
1406 1569 1471 1619 Id
1504 1566 1645 1616 forte
1682 1565 1890 1629 placere
1918 1558 2049 1624 Diis,

1439 1709 1468 1736 δ’
1474 1710 1764 1736 ‘teneone
1769 1708 1799 1729 o

1756 1746 1768 1756 .

505 1824 675 1876 Corb.
717 1824 829 1882 aliis
862 1821 1297 1873 taxantibus—12
1330 1817 1476 1866 Male
1509 1811 1821 1869 Beroaldus,
1852 1804 2208 1857 obsecrationes.
2272 1797 2634 1873 Breuem—13⁹»
2668 1796 2734 1853 In

514 1890 619 1942 Ma.
654 1889 765 1942 Jes.
804 1897 861 1940 et
898 1887 1129 1938 editione
1168 1884 1423 1952 principe,
1455 1877 1703 1930 extimari.
1767 1874 1918 1924 Unde
1943 1872 2024 1921 cl.
2049 1869 2377 1944 Ernestuspt
2397 1868 2737 1939 recentiores,

515 1954 808 2005 existimari.
889 1954 1019 2003 Mss.
1061 1955 1194 2016 Reg.
1234 1951 1387 2001 Harl.
1429 1944 1583 1996 Bodl.
1628 1950 1685 1992 et
1719 1939 2062 2015 Puteolanus,
2095 1938 2331 1996 estzmarz,
2361 1928 2446 2006 vel
2485 1932 2734 1977 aestnman.

516 2020 683 2071 Solito
709 2019 1033 2069 librariorum
1057 2031 1254 2079 errore,
1273 2021 1332 2066 ut
1364 2025 1507 2075 saepe
1544 2022 1698 2072 supra
1735 2004 1971 2067 vidimus.
2016 2000 2168 2076 Idem.
2235 1994 2562 2073 lozyckmsoet
2602 1992 2736 2042 Gro-

515 2095 637 2140 nov.
656 2081 1039 2137 ‹extimata—14
1064 2083 1165 2134 Ms.
1187 2078 1298 2134 Jes.
1319 2073 1629 2130 dixere-»15
1654 2072 1759 2124 Ms.
1778 2070 1909 2134 Reg.
1933 2072 1988 2117 et
2009 2065 2170 2115 editio
2186 2074 2449 2128 princeps,
2471 2063 2737 2121 mtegrare.

1515 2255 1731 2309 No'rAE

505 2376 692 2430 -Quale
710 2381 767 2426 et
782 2375 909 2426 illud
933 2374 1172 2441 Augusto
1189 2375 1420 2426 dictum:
1454 2372 1471 2402 ‘
1495 2371 1592 2422 Di·
1668 2368 1725 2419 id
1760 2363 2010 2429 suscepit,
2044 2369 2102 2412 et
2122 2358 2245 2426 quia
2266 2356 2320 2407 id
2344 2354 2488 2405 nullo
2507 2350 2742 2403 remedie

520 2449 690 2504 visum
741 2453 1013 2518 imperium
1066 2468 1184 2503 cum
1227 2452 1361 2503 Jove
1414 2449 1592 2501 Coesar
1670 2445 1910 2507 humano,
1940 2438 2032 2490 sed
2055 2439 2167 2489 solo
2189 2440 2439 2487 contactu
2473 2429 2705 2496 patravit
2723 2443 2740 2478 t

522 2530 718 2584 babet!
779 2530 924 2580 Scite
946 2531 1110 2595 magis
1143 2543 1294 2594 quam
1315 2541 1459 2577 vere.
1673 2529 1728 2572 et
1765 2520 1885 2569 hinc
1922 2518 2117 2568 clarum
2156 2519 2213 2563 et
2247 2508 2584 2561 manifestum
2620 2503 2743 2569 fuit,

591 2611 614 2641 ⁶
651 2610 755 2672 Ope
769 2608 974 2657 humana
988 2605 1292 2671 superabiles]
1324 2600 1594 2667 Praecepit
1674 2612 1792 2648 eum
1828 2611 1943 2647 esse
1981 2591 2225 2644 divinitus
2250 2589 2476 2640 electum
2510 2585 2564 2634 in
2605 2583 2747 2658 prin3

525 2683 742 2734 medicis
772 2685 1037 2748 judicare,
1067 2700 1132 2733 an
1157 2689 1330 2733 essent
1352 2694 1596 2747 quocum-

528 2777 629 2827 que
673 2761 828 2811 modo
853 2823 858 2824 ⁷
884 2761 1206 2825 superabiles
1261 2759 1409 2810 tabes
1469 2758 1594 2807 inae.-

528 2839 669 2889 Nam
712 2837 906 2887 medici
946 2835 1214 2887 indefinite
1266 2833 1598 2899 respondent,

528 2929 682 2979 posse
718 2928 808 2964 eos
844 2912 1075 2964 homines
1113 2912 1301 2975 sanari,
1331 2925 1432 2960 non
1472 2906 1597 2961 defi-

530 2991 723 3041 niendo
760 2990 976 3054 praecise
1001 3003 1100 3054 qua
1123 3004 1239 3055 ope,
1274 3001 1341 3037 an
1374 2988 1599 3036 humana

513 3079 596 3116 -au
620 3066 811 3116 divina.
863 3065 1207 3132 Respondent
1227 3064 1464 3116 absolute
1484 3077 1600 3126 pos-

534 3154 593 3192 se
625 3141 816 3205 sanari,
858 3141 876 3169 ‘
903 3142 946 3191 si
990 3142 1066 3191 vis
1104 3139 1324 3200 salubris
1360 3138 1601 3189 adhibe&

517 3215 657 3267 'tur-‚⁹

599 3294 772 3359 Igitur
793 3294 1012 3359 petebat
1031 3294 1396 3360 Vespasianus,
1415 3309 1479 3343 au
1514 3293 1602 3345 ab·

535 3370 704 3422 solute
725 3371 891 3420 sanari
914 3378 1144 3434 possent,
1174 3385 1292 3420 cum
1332 3370 1603 3420 statuisset

535 3447 591 3509 id
616 3447 846 3513 aggredi,
870 3463 937 3497 ne
961 3462 1070 3498 rem
1093 3448 1299 3497 omnino
1321 3462 1501 3496 vanam
1524 3446 1601 3495 in-

530 3524 719 3589 cipere
756 3523 1039 3575 videretur.
1107 3523 1208 3574 Sed
1238 3538 1336 3575 nec
1358 3524 1475 3572 illos
1494 3537 1602 3572 me-

535 3600 682 3651 dicos
699 3603 821 3652 satis
846 3602 977 3651 aulae
1008 3607 1101 3651 aut
1120 3601 1404 3651 adulationi
1427 3593 1600 3651 factos

535 3678 707 3729 video.
756 3679 1074 3729 Debuissent
1095 3678 1267 3743 potius
1290 3678 1605 3742 respondere

538 3769 651 3805 esse
693 3756 1004 3805 insanabiles
1041 3770 1154 3817 eos,
1199 3755 1336 3804 omni
1383 3755 1607 3804 humana

539 3846 637 3897 ope
658 3847 672 3894 ;
706 3833 781 3881 sic
800 3831 948 3881 favor
965 3833 1012 3882 N
1020 3832 1246 3882 uminum
1268 3831 1428 3894 magis
1449 3832 1607 3881 incla-

538 3909 734 3959 ruisset
757 3910 811 3958 in
831 3910 1086 3974 principe,
1101 3915 1182 3959 tot
1200 3908 1446 3973 prodigiis
1468 3923 1608 3958 mon-

519 3990 723 4036 strato.

605 4061 710 4111 Sed
728 4061 830 4110 hoc
851 4060 1001 4109 modo
1024 4067 1194 4110 tamen
1215 4062 1486 4110 voluerunt
1506 4055 1623 4110 me·‘

523 4136 649 4196 „dici
686 4138 751 4187 ad
792 4137 848 4186 id
884 4137 1132 4188 inducere
1179 4137 1480 4202 principem,
1523 4138 1609 4188 cui

544 4216 623 4266 sic
660 4216 924 4278 auctoritas,
955 4223 1126 4266 tamen
1157 4219 1214 4267 et
1248 4217 1465 4278 majestas
1502 4229 1608 4264 am-

544 4291 780 4366 plissima
799 4293 1041 4359 accessit,
1057 4308 1119 4344 eo
1142 4293 1279 4360 quod
1301 4290 1479 4362 affiatu
1501 4292 1609 4346 Dei

1673 2688 1864 2740 cipem.
2798 2730 2808 2738 α

1739 2751 1894 2806 Quod
1921 2748 2175 2801 describit
2209 2747 2423 2796 Sueten.
2445 2741 2668 2805 Vespas.
2691 2741 2747 2788 7.

1671 2830 1689 2859 ‘
1712 2828 2017 2880 Auctoritas
2055 2833 2112 2876 et
2149 2823 2298 2889 quasi
2334 2819 2579 2884 majestas
2602 2830 2750 2881 quae·

1675 2904 1813 2969 dam,
1850 2912 1912 2955 ut
1944 2904 2151 2954 scilicet
2183 2897 2452 2963 inopinato
2480 2902 2539 2945 et
2574 2892 2752 2949 adhue

1678 2998 1812 3033 novo
1846 2980 2093 3047 principi,
2127 2978 2340 3028 deerat:
2381 2973 2497 3021 haec
2539 2984 2754 3036 quoque

1680 3060 1923 3111 accessit.
1987 3057 2033 3107 E
2057 3055 2210 3121 plebe
2233 3049 2439 3118 quidam
2464 3045 2781 3112 luminibus,

1679 3136 1912 3198 orbatus,
1957 3133 2083 3183 item
2117 3131 2246 3181 alius
2269 3125 2431 3178 debili
2454 3137 2631 3187 crure,
2669 3136 2756 3173 se-

1682 3214 1892 3278 dentem
1933 3226 2030 3276 pro
2067 3206 2314 3260 tribunali
2358 3202 2555 3268 pariter
2610 3199 2758 3251 adie—

1674 3296 1822 3353 runt,
1864 3293 2071 3339 orantes
2106 3300 2260 3349 opem
2296 3278 2630 3343 valetudinis,
2662 3277 2757 3327 de-

1681 3372 2019 3418 monstratam
2042 3378 2072 3412 a
2093 3359 2350 3425 Serapide
2374 3370 2468 3421 per
2490 3353 2758 3420 quietem;

1683 3446 1986 3494 restiturum
2003 3441 2199 3502 oculos,
2220 3437 2265 3486 si
2285 3434 2559 3499 inspuisset
2578 3446 2595 3492 ;
2632 3446 2761 3481 cou-

1680 3521 2004 3573 firmaturum
2029 3533 2164 3581 crus,
2203 3516 2247 3566 si
2279 3516 2583 3579 dignaretur
2606 3510 2760 3560 calce

1682 3602 2006 3666 contingere.
2054 3599 2184 3648 Cum
2209 3595 2294 3644 vix
2315 3590 2446 3642 fides
2464 3594 2629 3662 esset,-
2643 3601 2760 3638 rem

1687 3680 1793 3730 ullo
1828 3679 1983 3729 modo
2017 3684 2393 3732 successuram,
2433 3667 2663 3729 ideoque
2694 3677 2762 3714 ne

1686 3755 1916 3820 experiri
1955 3737 2163 3819 quidem
2207 3747 2458 3805 auderet3
2499 3747 2762 3805 extremo,

1684 3831 2010 3882 hortantibus
2044 3827 2243 3887 amicis,
2287 3822 2458 3888 palam
2503 3832 2599 3884 pro
2639 3832 2763 3868 cou-

1687 3910 1837 3959 cione
1871 3913 2146 3971 utrumque
2185 3901 2429 3962 tentavit,
2468 3909 2567 3945 nec
2603 3908 2767 3944 even-

1688 3992 1772 4036 tus
1793 3982 1998 4035 defuit.’

1750 4058 1778 4095 ¹¹
1809 4062 1989 4112 Divino
2009 4053 2296 4120 ministerio]
2350 4053 2635 4116 Drepanus
2658 4049 2765 4100 Pa-

1689 4153 1810 4202 neg.
1833 4138 1850 4166 ⁴
1873 4136 1959 4187 Au
1982 4144 2039 4185 ut
2059 4129 2135 4183 illi
2156 4130 2444 4197 majestatis
2464 4137 2572 4178 tuae
2595 4127 2765 4192 parti-

1690 4216 1794 4280 cipi
1826 4216 1941 4265 Deo
1977 4211 2218 4263 feruntur
2241 4209 2482 4260 assistere
2504 4204 2619 4256 fata
2641 4217 2764 4255 cum

1688 4291 1909 4345 tabulis:
1945 4291 2021 4341 sic
2043 4289 2141 4340 tibi
2160 4287 2333 4355 aliqua
2354 4286 2430 4337 vis
2453 4283 2631 4338 divina
2648 4279 2783 4334 sub«
