3050 4917
528 408 706 486 2934
1184 440 1199 449 “
1241 434 1307 484 e.
1352 430 1716 483 coannnu
1762 431 2016 482 'raor'rr
2410 436 2724 513 [mussa

532 600 695 650 suos
719 580 985 657 milites,
1014 578 1592 665 prospectantibus
1621 577 1820 644 etiam
1845 575 2190 658 foeminis,‘¹
2210 596 2434 663 pauca
2457 586 2528 646 et
2549 600 2726 664 proe-
2767 566 2772 571 ’

534 684 708 751 senti
755 682 1092 749 moestitiae
1137 681 1564 763 congruentia
1607 682 1912 747 locutus:
1960 684 1981 716 ‘
2012 681 2247 746 cedere
2297 690 2394 746 se‘
2440 685 2634 767 pacis
2661 687 2736 749 ot·

468 801 474 808 ’
538 784 960 873 Reipublicae
994 803 1217 849 causa
1237 781 1282 843 :⁶
1342 783 1689 848 retinerent
1731 789 1980 848 tantum
2025 785 2407 849 memoriam
2435 785 2562 863 sui,
2596 782 2729 850 fra·-

535 896 831 975 tremque
860 897 927 952 et
967 883 1342 971 conjugem‘
1379 892 1449 952 et
1486 886 1825 952 innoxiam
1852 887 2213 952 liberorum
2241 893 2506 954 aetatem
2532 887 2731 952 mise·

534 1103 661 1169 pios,
679 1099 990 1178 presentibus
1007 1098 1152 1148 etiam
1170 1097 1458 1158 muneribus,
1478 1097 1698 1148 nonnam
1719 1102 1767 1147 et
1794 1091 2026 1160 prasenti
2040 1095 2400 1147 confimationi
2418 1094 2738 1172 convenentia

535 1166 794 1226 ἀυεεηὰἐς
825 1165 967 1215 exire
989 1179 1043 1213 se
1056 1163 1328 1227 principatu
1342 1176 1513 1212 amore
1538 1162 1920 1224 concordiae,et
1938 1162 2158 1239 Reipub.
2177 1176 2369 1211 causa:
2408 1161 2484 1210 sui
2510 1168 2733 1210 tautum-

539 1233 698 1285 modo
728 1229 1104 1291 meminissent,
1121 1234 1177 1278 et
1205 1229 1572 1278 misererentur
1603 1226 1803 1292 fratris,
1831 1234 1886 1277 et
1917 1228 2110 1293 uxorin,
2127 1234 2183 1277 et
2205 1227 2493 1278 innocentis
2514 1225 2737 1277 filiorum

1464 1358 1787 1379 ΟΟΟΝΟΟΟΟΟθ
1761 1358 1819 1378 ‘ae

547 1459 684 1510 Bud.
726 1458 1007 1509 recidebant.
1061 1456 1194 1508 Inde
1234 1457 1473 1509 tentabat
1504 1458 1796 1516 Rhenanus,
1829 1457 2109 1509 ceciderant.
2112 1461 2209 1506 -6
2261 1458 2435 1521 Cam,
2468 1467 2744 1547 perperam

534 1536 549 1609 ‘-
550 1526 698 1576 abest
720 1541 751 1574 a
774 1526 877 1575 Ms.
901 1526 1033 1589 Reg.
1052 1529 1108 1574 et
1127 1522 1359 1575 editione
1380 1522 1632 1590 principe.
1666 1523 1879 1574 Brotier.

1547 1688 1759 1739 NOTAE

549 1806 768 1868 tractus,
785 1803 1048 1855 confossus
1071 1811 1172 1856 est.
1686 1803 1899 1870 publica
1917 1800 2167 1854 haberet!

2220 1801 2425 1866 Nempe
2448 1801 2751 1866 prinsquam

615 1881 720 1933 Sed
759 1890 907 1933 certe
947 1889 1185 1948 tanquam
1221 1883 1276 1933 in
1310 1881 1422 1933 acie
1454 1881 1613 1946 periit
1685 1873 1870 1944 exiret,
1891 1895 1984 1931 seu
2006 1880 2239 1945 ejuraret
2257 1878 2550 1943 imperium,
2581 1879 2636 1927 id
2659 1894 2754 1944 pe-

553 1958 696 2022 Piso,
716 1964 986 2024 postquam
1019 1960 1162 2010 velut
1188 1975 1218 2010 e
1251 1959 1434 2025 praelio
1452 1957 1612 2023 fugis·
1685 1957 1894 2022 pigerat
1913 1957 2090 2008 Pallas
2110 1972 2225 2007 curn
2249 1955 2564 2007 dominante.

550 2041 634 2086 set
655 2035 707 2085 in
731 2037 982 2099 templum
1018 2036 1215 2086 Vestae.
1282 2038 1353 2086 Et
1376 2036 1463 2101 qui
1484 2037 1611 2086 licet

1751 2031 1775 2066 ‘¹
1811 2033 2225 2097 Pmpectaatibus
2234 2032 2377 2082 etiam
2393 2030 2631 2096 foeminis]
2648 2032 2757 2083 Ce-

551 2118 700 2163 extra
723 2112 889 2178 praelu
910 2114 1077 2162 locum
1080 2110 1611 2177 ,fugiens,occiditur,
1691 2110 1772 2176 pit
1803 2110 2072 2176 Interpres
2117 2111 2340 2175 Hispan.
2378 2110 2526 2176 quasi
2567 2110 2633 2161 de
2677 2109 2761 2171 fe·

536 2205 676 2259 „num
709 2190 766 2240 in
786 2190 985 2254 praelio,
1006 2204 1128 2240 num
1149 2191 1333 2242 velut
1315 2205 1368 2240 nr
1399 2191 1501 2240 acie
1521 2205 1611 2255 pe·
1691 2191 1879 2240 nestris
1900 2197 2300 2280 prospectarent
2331 2187 2577 2240 feminae.
2642 2189 2766 2240 Sea

552 2265 699 2315 riisse
718 2267 995 2316 censetur?

618 2398 626 2402 ,
619 2343 730 2392 cIu
748 2358 832 2392 suu
851 2341 1088 2406 concione]
1123 2342 1207 2393 Sic
1230 2342 1349 2407 quia
1368 2342 1482 2406 ipse
1496 2356 1614 2393 con-

554 2420 755 2472 cionem
793 2421 973 2472 habuit
1010 2427 1064 2471 et
1095 2421 1395 2484 orationem,
1416 2420 1618 2472 scilicet

553 2511 651 2562 pro
684 2497 887 2548 Rostris
920 2504 1107 2548 vocato
1136 2499 1346 2562 populo,
1365 2504 1419 2547 et
1441 2496 1617 2547 militi·

558 2576 678 2640 bns,
699 2581 756 2627 et
792 2577 866 2626 ibi
906 2591 1073 2640 pauca
1107 2577 1292 2626 locutus
1327 2582 1436 2625 este
1478 2577 1494 2603 ‘
1518 2575 1616 2625 Ce-

555 2652 683 2705 dere
705 2669 761 2705 se
794 2654 939 2718 pacis
972 2660 1027 2703 et
1065 2652 1286 2716 Reipub.
1309 2650 1494 2714 cansa‚'
1518 2654 1616 2702 ὅτε.

553 2727 703 2779 Infra
723 2733 806 2779 70.
840 2729 855 2757 ‘
883 2729 989 2777 Cur
1010 2729 1145 2778 enim
1169 2742 1199 2777 e
1219 2727 1418 2791 rostris,
1436 2726 1617 2777 fratris

555 2804 820 2856 domum...
828 2803 1111 2868 petisset?

625 2882 687 2932 In
726 2896 811 2932 sua
852 2880 1091 2944 concione]
1153 2881 1241 2930 Sic
1285 2879 1620 2944 deponebant

555 2959 879 3009 consulatum
899 2973 993 3022 pro
1015 2957 1195 3006 rostris
1214 2957 1336 3006 etin
1354 2957 1618 3008 concione.

557 3033 663 3085 sed
686 3033 824 3099 quod
846 3033 1060 3083 similius
1073 3033 1288 3083 Vitellio
1305 3032 1529 3095 duranti,
1545 3034 1618 3084 sic

555 3112 679 3163 olim
717 3111 1000 3161 dictatores
1044 3111 1322 3176 ejurabant
1367 3122 1619 3161 summum

458 3224 462 3228 -
556 3187 853 3253 imperium,
897 3203 1012 3238 cum
1044 3187 1360 3251 ,magistratu
1398 3187 1624 3252 abirent,

559 3265 681 3316 scil.-
710 3280 806 3330 pro
831 3265 1053 3329 Rostris,
1088 3279 1186 3315 nec
1220 3265 1330 3315 sine
1370 3267 1622 3316 concione

560 3341 629 3393 ad
651 3342 900 3392 Senatum
924 3342 987 3393 P.
1011 3343 1079 3395 Q.
1111 3342 1171 3394 R.

626 3417 724 3469 Cui
747 3419 918 3484 prisco
943 3420 1072 3469 mori
1107 3433 1207 3468 non
1236 3419 1426 3470 inscite
1452 3418 1626 3470 allusit

544 3496 730 3559 Nero,
751 3497 838 3547 ubi
870 3497 935 3545 de
973 3497 1214 3547 Pallante
1240 3498 1449 3560 liberto,
1469 3513 1626 3564 quem

559 3572 716 3623 rebus
757 3571 1030 3622 amovebat
1065 3571 1203 3624 Anu.
1243 3573 1331 3624 lib.
1368 3587 1495 3625 xm.
1543 3578 1625 3625 14.

557 3650 871 3701 ‘.Demovet
924 3647 1217 3700 Pallantem
1262 3666 1387 3701 cura
1440 3667 1628 3715 rerum,

560 3727 677 3792 quis
714 3741 745 3776 a
766 3725 982 3777 Claudio
1008 3727 1294 3789 impositus,
1329 3728 1473 3779 velut
1494 3728 1626 3778 arbi·

561 3809 700 3854 trum
736 3804 885 3867 regni
941 3803 1145 3866 agebat.
1215 3803 1626 3869 Ferebatur-qne,

557 3879 904 3944 degrediente
951 3896 1034 3940 eo,
1079 3896 1261 3943 magna
1309 3896 1623 3947 prosequen-

561 3957 691 4009 tium
717 3961 1069 4018 nmltiuuline,
1093 3974 1192 4008 non
1221 3961 1446 4010 absurde
1469 3962 1625 4011 dixis·

516 4094 529 4101 ,
558 4050 648 4087 se:
684 4036 770 4087 Ire
798 4038 1193 4098 Pallanten1‚⁴ut
1213 4039 1476 4103 ejuraret?

627 4115 878 4180 Ejnrabat
892 4130 1073 4178 nempe
1089 4131 1339 4167 summum
1354 4117 1624 4181 imperinm

546 4191 799 4243 libertus.
896 4196 1026 4243 Nam
1067 4196 1082 4220 ‘
1125 4199 1392 4257 pepigerat
1435 4196 1627 4259 Pallas,

562 4281 631 4318 ne
653 4268 804 4333 cujus
827 4267 955 4318 facti
977 4268 1028 4317 in
1063 4270 1388 4334 praeteritum
1408 4272 1626 4324 interro·

563 4350 789 4411 geretur,
823 4358 1081 4413 paresque
1114 4346 1343 4413 rationes
1380 4363 1501 4405 cum
1521 4349 1628 4403 Re·

1692 2267 1871 2332 quidni
1908 2274 1964 2317 et
1987 2267 2111 2332 ipsae
2136 2267 2428 2331 promiscue
2457 2267 2521 2321 in
2544 2265 2661 2319 foro
2688 2281 2757 2317 ac

1696 2359 1790 2408 pro
1811 2345 2011 2396 Rostris
2048 2345 2215 2396 turbae
2255 2350 2312 2394 et
2346 2346 2499 2409 vulgo
2531 2344 2760 2396 militnm

1696 2434 1753 2470 se
1788 2421 2094 2484 insererent,
2134 2429 2195 2472 ut
2227 2437 2330 2473 non
2359 2424 2523 2473 solum
2564 2423 2763 2487 oculos,

1696 2497 1788 2547 sed
1808 2504 1866 2547 et
1904 2513 2054 2549 aures
2077 2500 2184 2549 *tali
2223 2501 2526 2564 spectaculo
2549 2515 2611 2550 ac
2636 2516 2760 2551 con·

1696 2575 1845 2625 cione
1888 2575 2139 2640 ejurantis
2181 2576 2449 2641 imperium
2511 2577 2766 2642 principia

1698 2654 1996 2717 explerent:
2034 2663 2092 2703 ut
2115 2655 2190 2705 sic
2214 2653 2562 2706 curiositatem
2577 2655 2764 2705 mulie-

1698 2728 1844 2779 brem
1863 2730 2204 2793 oblectarent,
2216 2731 2354 2782 bello
2376 2738 2430 2782 et
2453 2738 2598 2783 tanto
2620 2731 2766 2783 casui

1697 2808 2018 2872 principatus
2040 2809 2303 2860 immixtae.

1761 2890 1785 2917 θ
1819 2885 1995 2936 Cedere
2013 2885 2087 2950 se]
2142 2888 2283 2938 Suet.
2324 2884 2432 2936 Vit.
2459 2891 2542 2936 15.
2605 2885 2767 2938 {Sta-

1700 2964 1896 3030 timque
1934 2981 2030 3030 pro
2082 2966 2328 3030 gradibus
2374 2964 2583 3028 Palatii,
2622 2965 2765 3031 apud

1698 3039 2001 3106 frequentes
2023 3043 2229 3106 milites,
2244 3043 2436 3094 cedere
2452 3057 2507 3091 se
2530 3042 2769 3106 imperio,

1702 3118 1839 3182 quod
1881 3118 2070 3169 invitus
2131 3118 2433 3183 recepisset,
2479 3116 2765 3181 professus,

1698 3197 1904 3247 cunctis
1944 3197 2359 3260 reclamantibus,
2391 3212 2499 3245 rem
2522 3196 2765 3259 distulit;

1700 3287 1780 3336 ac,
1798 3279 1954 3325 nocte
1991 3274 2319 3338 interposita,
2349 3275 2512 3337 primo
2535 3273 2766 3323 diluculo

1702 3349 1991 3401 sordidatus
2024 3350 2296 3401 descendit
2333 3350 2396 3401 ad
2427 3350 2772 3412 rostrasmul·

1703 3428 1873 3494 tisque
1912 3445 2029 3479 cum
2072 3429 2331 3493 lacrymis,
2368 3428 2552 3477 eadem
2587 3428 2768 3492 verba,

1702 3520 1884 3556 verum
1907 3522 1936 3555 e
1959 3506 2154 3568 libello,
2175 3512 2396 3555 testatus
2420 3503 2534 3554 est.'

1777 3585 1953 3633 Cedere
1968 3584 2044 3647 se]
2091 3585 2296 3648 Nempe
2334 3591 2546 3647 pactum
2579 3580 2776 3633 inierat

1709 3675 1825 3709 cum
1860 3662 1941 3711 ΡΙ.
1963 3661 2153 3711 Sabino
2175 3658 2336 3709 fratre
2359 3659 2684 3724 Vespasiani,
2707 3672 2775 3719 ea

1707 3737 2021 3799 conditione,
2081 3744 2139 3787 ut
2183 3735 2452 3787 abdicaret
2500 3736 2776 3800 imperium

1707 3815 1948 3878 publice;
2017 3820 2073 3865 et
2117 3815 2192 3865 sic
2236 3814 2436 3874 debuit,
2475 3813 2773 3865 concordia

1705 3890 1876 3942 causa.
1910 3891 2097 3957 Itaque
2115 3893 2283 3956 palam
2305 3889 2612 3955 profitetur:
2635 3892 2652 3918 ‘
2674 3890 2777 3941 Ce-

1705 3969 1828 4019 dere
1852 3984 1905 4019 se
1932 3970 2071 4032 pacis
2096 3978 2150 4018 et
2181 3969 2401 4033 Reipnb.
2424 3971 2618 4018 causa.'

1769 4043 2099 4110 [conjugem]
2153 4045 2421 4107 Intellige‚
2457 4059 2559 4093 non
2595 4044 2777 4109 conju-

1708 4136 1825 4188 gem
1872 4122 2069 4184 fratris,
2112 4121 2204 4171 sed
2249 4132 2500 4170 suammet
2543 4135 2775 4186 uxorein,

1706 4200 1970 4251 Galeriam
2015 4200 2313 4250 Fundanam
2347 4214 2555 4262 nempe.
2603 4200 2776 4262 Supra

1705 4281 1788 4329 6⁷.
1837 4280 1853 4305 ‘
1875 4278 2208 4329 obruebatur
2229 4276 2429 4326 animus
2448 4274 2775 4335 miseratione

1706 4368 1950 4421 curaque,
1963 4368 2033 4406 ne
2047 4351 2404 4423 pertinacibus
2424 4353 2580 4406 umis
2601 4352 2774 4411 miuus
2852 4359 2862 4367 ’
