3050 4917
484 362 668 432 2846

1182 379 1252 430 0·
1292 377 1656 460 continu
1701 377 1959 428 'morri

2375 367 2471 451 [Α.
2491 346 2561 441 υζ
2578 363 2695 442 επὶ.

492 521 923 611 quatriduum
955 521 1284 588 Cremona
1312 518 1613 588 suffecit.i
1701 521 1875 588 Cum
1904 522 2130 589 omnia
2159 541 2354 589 sacra
2381 501 2695 610 profana-

491 648 622 714 que
650 629 720 693 in
764 630 939 711 igne‘)
983 625 1442 701 considerent}
1494 627 1709 692 solum
1763 622 2117 711 Mephitisk
2167 629 2481 712 templum
2517 632 2698 697 stetit

491 736 640 797 ante
672 734 943 809 moenia,
975 732 1146 808 loco,
1176 749 1295 795 seu
1330 729 1623 796 Numine
1654 726 2034 796 defensum.¹
2654 811 2667 820 -

576 835 687 900 34.
736 834 877 899 Hic
908 834 1130 898 exitus
1162 831 1616 912 Cremonae,¹¹¹¹
1665 855 1835 899 anno
1876 849 2306 900 coLxxxvl.
2350 836 2699 932 aprimor-

491 937 604 1004 dio
636 939 793 1004 sui.²
883 936 1169 1027 Condita
1197 944 1341 1003 erat
1368 937 1503 1004 Ti.³
1535 939 1965 1024 Sempronio*
2012 944 2077 1005 et
2105 938 2414 1006 Cornelio
2445 939 2699 1006 Consu-

489 1139 610 1198 tum,
641 1149 723 1184 neo
764 1135 1005 1198 quicquam
1045 1134 1180 1194 nefas
1217 1139 1349 1184 erat.
1417 1135 1517 1184 Per

1554 1140 1754 1200 quatuor
1790 1135 1891 1185 dies
1928 1136 2159 1186 Cremona
2195 1141 2384 1185 vastata
2424 1140 2511 1185 est.
2584 1136 2702 1188 Cum

489 1204 658 1249 cuncta
679 1206 843 1250 saneta
862 1200 1152 1263 profanaque
1176 1199 1392 1263 flammis
1422 1200 1736 1263 abolerentur,
1768 1216 1912 1250 unum
1936 1202 2170 1265 Mephitis
2202 1202 2444 1250 delubrum
2465 1206 2700 1251 servatum

489 1265 719 1325 eujus-tta
739 1280 911 1328 muros,
932 1280 1022 1315 seu
1040 1266 1157 1327 situ,
1178 1281 1261 1314 eeu
1280 1265 1509 1315 divinitus
1527 1272 1789 1329 protectum
1812 1266 1897 1316 sit.

557 1328 704 1380 Hunc
709 1330 864 1397 finem
886 1331 1051 1380 habuit
1077 1331 1325 1393 Cremona,

481 1392 669 1452 fuerat.
743 1396 930 1446 Tiberio
952 1395 1225 1459 Sempronio
1256 1400 1305 1446 et

1437 1534 1466 1552 0
1473 1533 1617 1554 00000

1482 1346 1630 1381 annos
1648 1333 1865 1382 ducevitos
1880 1347 1965 1381 sex
1986 1337 2035 1381 et
2056 1333 2318 1395 octoginta,
2353 1347 2490 1396 quam
2510 1331 2700 1380 conditu

1399 1432 1411 1446 .
1449 1397 1668 1446 Cornelio
1696 1399 1828 1449 Coss.
1857 1403 2040 1448 structa
2061 1403 2181 1462 erat,
2218 1399 2505 1462 irrumpente
2527 1397 2579 1446 in
2602 1396 2705 1478 Itu-

1619 1534 1793 1555 OOOOO

557 1630 592 1674 9
626 1624 711 1675 Ita
732 1624 847 1675 libri
881 1638 1055 1674 ornnes
1096 1623 1278 1687 scripti
1318 1629 1373 1673 et
1404 1623 1548 1675 editi.
1615 1624 1802 1676 Mallet
1836 1632 2009 1677 tan-en
2035 1627 2300 1691 Heinsius,
2331 1627 2386 1676 in
2421 1626 2597 1688 ignem,
2621 1624 2705 1675 vel

476 1692 548 1741 *in
568 1691 727 1752 ignes.-
765 1692 839 1739 sic
864 1689 1070 1753 quidem
1097 1689 1286 1752 poetae,
1310 1705 1371 1739 ac
1395 1689 1621 1740 maxime
1636 1691 1905 1756 Virgilius„
1942 1708 2095 1758 quem
2128 1705 2269 1756 saepe
2304 1692 2538 1741 imitatur
2560 1690 2706 1741 Taci-

495 1764 598 1817 tus,
631 1756 836 1805 AEneid.
860 1769 922 1804 11.
945 1758 1060 1803 624.
1093 1757 1108 1781 ‘
1133 1756 1262 1804 Tum
1298 1769 1422 1805 vero
1446 1770 1596 1804 omne
1618 1756 1742 1805 mihi
1765 1759 1929 1807 visum
1967 1758 2237 1808 considere
2274 1758 2326 1806 in
2350 1759 2492 1822 ignes
2516 1754 2705 1824 lliumff'

499 1821 718 1872 Brotier.

564 1891 587 1935 1
628 1885 716 1935 Ita
752 1887 854 1935 Ms.
897 1884 1052 1935 Corb.
1088 1884 1249 1934 editio
1290 1886 1533 1950 princeps
1568 1892 1623 1936 et
1666 1888 2004 1938 recentiores.
2067 1888 2154 1938 Sic
2191 1903 2398 1953 quoque
2434 1888 2537 1937 Ms.
2576 1886 2704 1951 Agr.

497 1951 729 2001 secunda
748 1966 919 2001 manu.
985 1951 1115 2006 Mss,
1152 1950 1301 1999 Harl.
1328 1951 1480 2000 Bodl.
1505 1951 1627 2003 'Jesu
1661 1961 1716 2003 et
1755 1954 2094 2016 Puteolanus,
2130 1955 2208 2004 hic
2242 1954 2400 2004 exitus
2427 1955 2703 2004 Cremonam

496 2015 678 2078 habuit,
716 2024 769 2066 et
807 2016 881 2065 sic
918 2015 1208 2065 Gronovius
1232 2022 1287 2064 et
1322 2016 1575 2080 RyckiuS.
1642 2017 1702 2065 In
1743 2019 1867 2070 Mss,
1905 2019 2203 2070 Flor.Bud.
2228 2017 2706 2078 omissum,*kabuit.

496 2085 594 2130 —2
627 2082 731 2132 Ms.
757 2081 912 2132 Corb.
946 2086 1142 2132 sum—3
1179 2080 1320 2131 Male
1345 2081 1468 2134 Mas.
1495 2081 1640 2133 Harl.
1678 2083 1830 2133 Bodl.
1863 2083 1976 2137 Jes.
2016 2086 2071 2136 T.
2112 2084 2402 2149 Sempronio.
2468 2082 2708 2133 Tiberius

1499 2248 1712 2300 NOTAE

499 2363 612 2413 aliis
634 2362 801 2427 nefas,
823 2362 937 2412 aliis
962 2377 1261 2433 concessum
1280 2377 1341 2412 ac
1359 2362 1564 2413 licitum

499 2441 801 2503 videbatur3
838 2442 1018 2508 sicque
1055 2445 1071 2470 ⁴
1096 2442 1220 2493 nihil
1248 2442 1484 2507 cuiquam
1504 2443 1566 2493 il·

496 2520 737 2571 licitum!
1168 2527 1175 2533 ”

565 2596 580 2631 ¹
608 2596 836 2663 Suffecit]
868 2597 1130 2660 Flammis,
1166 2598 1237 2662 vi,
1271 2614 1332 2648 ac
1355 2599 1569 2664 rapinis,

499 2688 595 2737 per
638 2681 859 2739 quatuor
903 2674 1015 2724 dies
1069 2674 1299 2739 incensa,
1335 2681 1563 2740 vastata,

500 2751 678 2801 excisa
700 2758 798 2802 est.
1516 2754 1522 2760 “

558 2826 577 2870 «ἰ
613 2827 941 2891 Con-siderent]
974 2828 1205 2879 Flamma
1244 2830 1370 2879 solo·
1392 2845 1564 2896 aequa-

497 2910 697 2965 rentur,
722 2912 878 2970 atque
898 2906 952 2955 in
975 2906 1176 2956 cineres
1196 2906 1518 2958 fatiscerent.

563 2980 587 3015 k
620 2982 876 3046 Mephitis]
907 2984 1028 3032 Dea
1050 2984 1175 3033 tetri
1200 2982 1392 3033 odoris·
1426 2984 1566 3034 Savi-

498 3060 609 3110 lius.

566 3136 582 3170 ¹
610 3137 708 3187 Seu
726 3137 934 3188 Numine
954 3137 1220 3202 defensum]
1254 3138 1319 3188 Id
1357 3144 1456 3201 est,
1480 3153 1568 3204 po·

499 3218 695 3266 testate
729 3216 880 3264 Deae.
962 3215 1149 3279 Virgil.
1186 3216 1201 3243 ‘
1226 3214 1345 3265 Jam
1382 3215 1566 3265 coelum

498 3299 795 3362 terramque
837 3307 953 3342 meo
992 3292 1101 3341 sine
1145 3293 1384 3357 Numine,
1403 3295 1567 3359 venti,

498 3369 730 3419 Miscere
751 3369 779 3417 !’

564 3445 660 3497 Seu
693 3447 929 3512 Numine]
977 3453 1104 3498 Ante
1134 3449 1337 3498 moeniu:
1369 3450 1480 3499 scil.
1506 3455 1567 3502 nt

497 3532 646 3590 puto,
670 3532 819 3575 extra
840 3539 1011 3575 muros
1035 3523 1133 3574 fuit
1156 3525 1422 3590 templum.
1454 3525 1565 3576 Sic-

501 3618 601 3668 que
643 3601 780 3653 forte
825 3604 938 3653 loco
983 3600 1257 3651 defensum
1303 3609 1402 3665 est,
1445 3603 1567 3668 quia

497 3681 601 3732 fuit
641 3691 791 3734 extra
829 3683 1000 3732 locum
1058 3697 1161 3747 quo
1199 3681 1568 3744 grassabantur

498 3758 739 3822 fiammae,
768 3768 824 3810 et
862 3759 998 3810 forte
1020 3760 1139 3824 quia
1177 3762 1382 3823 paulum
1406 3760 1567 3810 dista-

467 3861 480 3874 ·
499 3842 584 3888 ret
605 3838 672 3888 ab
697 3840 856 3888 urbe:
892 3853 973 3887 seu
998 3838 1221 3901 Numine,
1256 3837 1308 3885 id
1343 3843 1440 3900 est,
1474 3853 1567 3901 po·

499 3920 694 3966 testate
720 3916 867 3977 Deae,
890 3916 1035 3982 quasi
1072 3930 1171 3965 non
1192 3915 1302 3964 sine
1328 3914 1566 3979 prodigio

395 4033 400 4038 .
499 3991 766 4043 averteret
790 3995 920 4058 ipsa,
956 3994 1191 4046 furentes
1229 3995 1370 4057 licet,
1409 4009 1438 4042 a
1470 3992 1566 4041 tali

497 4068 768 4121 facinore:
806 4086 898 4121 seu
943 4072 1124 4135 religio
1165 4086 1225 4120 ac
1263 4067 1565 4134 superstitio

497 4146 738 4216 Numinis
781 4149 1143 4212 praepolluerit
1182 4127 1363 4197 animis
1406 4146 1565 4210 vulgi,

501 4222 947 4289 absterrueritque
972 4225 1038 4274 ab
1062 4224 1300 4289 incendio
1323 4223 1521 4287 templi.

563 4306 615 4376 ὓ.
633 4300 736 4352 Hic
756 4300 918 4352 exitus
934 4299 1198 4364 cremonae]
1230 4300 1295 4352 In
1315 4300 1413 4353 hoc
1434 4314 1569 4366 111·oe-

1646 2366 1718 2416 lio
1756 2367 1936 2417 scribit
1968 2367 2224 2432 Josephus
2258 2364 2491 2417 Exscidii
2525 2378 2600 2415 ιν.
2625 2368 2708 2414 41.

1630 2458 1715 2493 ,ει
1749 2445 2040 2495 vitellianis
2073 2433 2290 2509 friginta
2310 2445 2470 2494 mulia
2493 2448 2712 2493 armato-

1647 2535 1759 2571 rum
1804 2521 2160 2587 ducentosque
2204 2521 2492 2583 cecidisse3
2544 2520 2711 2571 Anto-

1649 2600 1810 2665 nium,
1844 2605 2067 2666 quatuor
2090 2601 2304 2650 millium
2327 2605 2381 2650 et
2411 2599 2712 2667 quingento-

1649 2694 1762 2729 rum
1786 2679 1956 2743 clade,
1984 2693 2257 2744 pugnasse.

1712 2756 2005 2822 xiphilinus
2049 2762 2247 2819 narrat,
2288 2755 2565 2812 Cremona
2595 2765 2711 2802 cum

1644 2833 1708 2883 iis
1744 2834 1830 2899 qui
1855 2833 1908 2882 in
1929 2834 2043 2884 acie
2071 2832 2192 2883 caesi
2217 2838 2356 2892 sunt,
2379 2828 2717 2896 quinquagin-

1646 2915 1704 2959 ta
1726 2910 1983 2961 hominum
2006 2910 2167 2959 millia
2187 2908 2422 2972 periisse.

1712 2987 2032 3037 volvebatur
2060 2985 2312 3036 Octobris
2335 2983 2471 3047 finis,
2491 2997 2593 3047 quo
2618 2980 2716 3032 cit·

1649 3064 1780 3113 citer
1808 3065 2071 3128 tempore,
2107 3072 2167 3112 ut
2204 3077 2270 3112 ex
2294 3060 2483 3128 Tacito
2521 3057 2716 3122 colligi-

1648 3156 1778 3205 ιιιιιε,
1822 3142 2033 3191 nuntius
2077 3142 2144 3191 de
2187 3140 2473 3190 rebellante
2512 3136 2720 3189 Caecina

1647 3218 1947 3269 advenerat.
1979 3219 2200 3271 Suettius.

1713 3305 1738 3331 ¹¹
1776 3299 1854 3347 Ti.
1895 3297 2190 3362 Sempronio]
2236 3296 2311 3346 ⁴Id
2353 3301 2453 3359 est,
2499 3292 2718 3351 Tiberio:

1649 3376 1787 3424 male
1826 3374 1960 3424 enim
1996 3376 2168 3439 vulgo,
2202 3375 2336 3424 Tito.-
2369 3387 2438 3422 ex
2477 3371 2627 3421 Livio
2660 3374 2718 3419 et

1649 3452 1837 3501 Fastis.
1872 3452 2080 3515 Lipsius.

1718 3529 1793 3578 Τι’.
1839 3529 2114 3593 Sempronio
2167 3534 2215 3578 et
2282 3526 2453 3576 Publio
2502 3524 2718 3576 Cornelio

1652 3605 1952 3668 Consulibus]
1984 3606 2133 3655 Idem
2157 3605 2255 3654 sibi
2272 3604 2440 3653 videri
2458 3600 2722 3667 significat

1647 3683 1879 3732 Velleius
1893 3683 1944 3731 in
1964 3682 2137 3746 priore
2153 3682 2243 3731 lib.
2264 3681 2351 3745 qui
2366 3678 2620 3728 deductas
2636 3685 2723 3727 co-'

1649 3762 1813 3811 Ionias
1839 3761 1935 3811 sub
1959 3762 2237 3810 adventum
2262 3755 2554 3819 Annibalis,
2594 3755 2720 3806 Cre-

1649 3843 1871 3888 monam
1883 3846 2041 3904 atque
2065 3836 2410 3898 Placentiam,
2430 3833 2631 3895 scribit,
2663 3836 2723 3881 et

1650 3917 1790 3966 eirca
1819 3916 2040 3979 Padum,
2073 3916 2125 3964 in
2150 3928 2326 3978 agrum
2350 3908 2720 3972 Gallicum,·iis

1648 3994 1773 4057 ipsis
1812 3992 2023 4041 Tiberio
2071 3989 2398 4054 Semproni0,
2440 3994 2496 4037 et
2533 3986 2724 4037 Publio

1651 4071 1893 4121 Cornelio
1916 4069 2228 4130 consulibus„
2249 4081 2384 4116 anno
2409 4066 2570 4129 primo
2595 4063 2732 4114 belli·

1652 4148 1842 4198 Punici
1864 4146 2097 4210 secundi,
2117 4153 2173 4196 et
2193 4143 2336 4194 urbis
2361 4142 2586 4193 conditae
2604 4144 2719 4192 556.

1652 4225 1939 4300 deductas,³
1965 4223 2140 4274 Livius
2181 4226 2367 4273 auctor
2405 4224 2488 4270 est
2528 4219 2566 4268 1.
2593 4229 2748 4277 xxx„

1656 4304 1877 4355 Vertrun.
