3050 4917
459 384 636 454 2886
1168 400 1232 451 c.
1277 400 1643 450 conruunt
1680 398 1944 453 *raom

461 546 666 625 facili,
696 565 815 612 seu
863 544 1153 611 felicitas
1208 545 1277 610 in
1332 544 1452 609 tali
1500 544 1767 627 ingenio
1824 543 2198 623 avaritiam,
2258 544 2654 628 superbiam,

463 654 812 735 ceteraque
841 648 1107 714 occulta
1158 646 1341 712 mala
1383 646 1745 731 patefecit:
1788 652 1864 712 ut
1891 652 2182 732 captam,
2214 646 2488 713 Italiam
2512 668 2658 732 per-

460 752 741 832 sultare3
786 756 861 816 ut
888 757 1101 828 ειιιειει,ν
1128 750 1427 833 legiones
1456 750 1708 832 colere;
1754 751 2067 816 omnibus
2097 749 2299 816 dictis
2328 750 2659 834 factisque

459 853 641 918 viam
659 862 678 892 ¹
698 861 738 891 V
777 853 911 919 sibi
958 851 1044 918 ad
1072 851 1475 936 potentiam¹
1518 856 1809 918 struere:
1855 858 2056 935 utque
2080 852 2353 917 licentia
2380 852 2659 917 militem

457 953 804 1036 imbueret,
873 954 1356 1021 interfectorum
1423 952 1894 1019 centurionum
1964 952 2225 1018 ordines
2290 954 2660 1037 legionibus

461 1056 776 1124 offerebat
793 1079 809 1124 ε
825 1067 854 1105 s
896 1077 979 1123 eo
1017 1056 1328 1139 suffragio
1375 1056 1868 1122 turbidissimus
1898 1057 2179 1142 quisque
2211 1056 2492 1122 delecti:
2535 1075 2659 1121 nec

2339 402 2435 473 [Α.
2456 403 2526 458 tr.
2540 408 2652 458 sn.

461 1272 554 1308 seu
582 1256 889 1321 profligatum
910 1257 1077 1307 bellum
1107 1255 1403 1318 existumans,
1435 1260 1483 1304 et
1518 1256 1698 1319 reliqua
1728 1255 1900 1316 facilia
1933 1270 2061 1319 esse,
2081 1272 2163 1307 seu
2191 1256 2487 1324 prosperitas
2501 1257 2553 1306 in
2573 1257 2665 1307 tali

458 1323 643 1372 homine
661 1322 850 1371 rechcsit
870 1323 1192 1386 mpiditatm,
1212 1319 1552 1383 arrogantiam,
1573 1327 1619 1369 et
1634 1321 1940 1385 aliaflagitia
1959 1324 2198 1381 latentia,-
2228 1323 2316 1372 ille
2339 1322 2463 1371 velut
2483 1337 2662 1386 expug-

459 1392 623 1436 natam
643 1388 793 1437 armis
827 1388 1021 1437 Italiam
1053 1386 1254 1436 ludibrio
1271 1386 1437 1435 habere
1448 1400 1469 1444 ,·
1499 1387 1700 1435 militem
1735 1390 1956 1450 tanquam
1990 1402 2124 1437 suam
2156 1389 2391 1437 demerere
2402 1403 2421 1446 ,-
2452 1388 2665 1437 omnibus

460 1451 604 1501 dictis
611 1452 853 1516 factisque
868 1453 964 1502 iter
989 1452 1082 1501 sibi
1103 1452 1165 1500 ad
1194 1455 1469 1513 potestatem
1489 1455 1724 1500 sternere.-
1757 1457 1804 1500 et
1827 1457 1881 1501 ut
1898 1452 2115 1516 procacia
2150 1453 2434 1516 audaciaque
2464 1453 2663 1503 militem

459 1522 794 1583 corrumperet,
806 1517 1044 1582 prebebat
1064 1515 1322 1579 legionibus
1338 1516 1499 1565 munia
1521 1516 1843 1567 centurionum
1863 1517 2111 1567 occisorum
2129 1532 2147 1567 .-
2175 1533 2228 1569 eo
2259 1518 2441 1569 delectu
2466 1518 2661 1569 seditio·
2714 1555 2723 1568 .

1377 1679 1673 1700 OOO‘OOOOOO
1680 1679 1735 1700 00

526 1814 554 1859 1
604 1811 714 1864 Vim
742 1812 854 1863 sibi.
920 1813 1005 1863 Ita
1027 1813 1153 1864 Μαι.
1174 1818 1231 1863 et
1259 1818 1463 1864 veteres
1488 1827 1551 1863 ac
1587 1813 1902 1864 recentiores
1923 1812 2191 1864 editiones.
2255 1809 2467 1875 Lipsius
2488 1825 2658 1861 emen-

458 1874 627 1937 davit,
661 1877 806 1928 uiam.
871 1879 1058 1928 Placet
1074 1892 1279 1943 quoque
1322 1879 1404 1927 cl.
1447 1879 1692 1941 Ernesto,
1729 1879 1836 1943 qui,
1871 1879 1916 1928 si
1960 1879 2058 1929 uim
2079 1877 2384 1939 retineatur,
2425 1877 2659 1941 corrigit,

456 1940 660 1992 vimsibi
680 1959 736 1992 ac
753 1944 1013 2008 potentiam
1031 1948 1232 1994 struere.
1311 1943 1456 1993 Nihil
1489 1943 1788 1993 mutandum
1810 1944 1996 1995 merito
2032 1950 2250 1993 censent
2270 1941 2563 1992 Gronovius
2602 1947 2659 1991 et

459 2004 706 2068 Ryckius.
791 2008 934 2061 Quid
965 2009 1019 2057 ni
1045 2008 1266 2071 dicatur,
1307 2009 1407 2057 vim
1446 2008 1540 2057 nihi
1575 2011 1639 2058 ad
1673 2009 1936 2072 potentiam
1986 2004 2205 2059 struere?
2279 2008 2401 2060 Jam
2438 2007 2657 2076 vidim'us

459 2083 618 2134 supra
638 2070 827 2123 Annal.
853 2086 986 2125 xm.
1023 2077 1106 2123 19.
1139 2077 1155 2102 ‘
1180 2072 1320 2123 fama
1342 2073 1595 2139 potentiae
1616 2088 1721 2123 non
1740 2089 1831 2125 sua
1855 2075 1904 2125 vi
1927 2074 2099 2125 nixae?
2165 2073 2381 2124 Brotier.
2444 2073 2659 2125 Lallem.

1445 2237 1496 2288 N
1502 2236 1664 2288 OTAE

1598 2370 1727 2436 egit.
1792 2337 1995 2423 Citatus
2016 2369 2084 2421 ab
2122 2370 2437 2435 imperatore
2455 2382 2658 2433 nomeu,

1597 2447 1849 2510 ordinem,
1882 2449 2118 2514 patriam,
2160 2461 2427 2497 numerum
2463 2445 2655 2511 stipen-

456 2361 702 2414 Danubio
717 2379 875 2431 usque
899 2364 963 2417 ad
987 2367 1328 2434 Euphratem,
1344 2370 1396 2420 in
1418 2369 1518 2420 for-

457 2445 635 2490 tunam
675 2443 980 2509 Vespasiani
1023 2445 1382 2499 concedebant
1411 2463 1516 2499 om-

454 2530 558 2568 nia.

407 2643 414 2650 ,
521 2591 545 2626 V
573 2594 641 2644 Ut
660 2594 793 2659 suas]
820 2598 897 2648 Ut
930 2599 1224 2665 Imperator
1243 2601 1375 2667 jam,
1411 2617 1515 2653 non

456 2675 517 2720 ut
537 2671 734 2734 legatus
756 2673 994 2727 Caesaris.

517 2753 554 2780 ¹¹
580 2747 743 2813 Vim]
772 2748 879 2801 Alii
895 2753 1094 2817 cim,ex
1110 2754 1241 2804 Mss.
1274 2755 1365 2805 sed
1384 2754 1515 2807 frus-

437 2829 555 2874 ·tra.

518 2907 545 2933 ¹
559 2903 641 2952 Ad
652 2904 935 2968 potentiam]
953 2908 1184 2970 vertunt
1206 2907 1271 2957 de
1292 2907 1514 2973 imperio.-

452 2990 568 3038 non-
596 2983 771 3028 tamen
822 2982 1040 3044 praecise
1083 2984 1156 3033 sic
1210 2985 1512 3038 sumendum

436 3053 572 3116 ·fuit,
599 3056 691 3105 sed
713 3058 780 3107 de
796 3062 1012 3122 potentia
1032 3061 1357 3129 indistincte,
1378 3065 1509 3116 etin

450 3144 664 3195 genere.

514 3209 597 3261 Ad
609 3211 893 3278 potentiam]
923 3215 1024 3264 Vel
1039 3221 1093 3265 et
1122 3205 1246 3266 mox'
1277 3216 1342 3267 ad
1376 3232 1511 3269 snm-

449 3300 586 3335 mum
606 3286 880 3354 fastigium,
894 3290 938 3339 si
960 3306 1108 3343 casus
1125 3293 1294 3345 daret.

514 3369 541 3404 5
558 3362 922 3424 Interfector-am
943 3367 1281 3420 Centurionum
1321 3371 1509 3422 ordines

446 3436 705 3502 legionibus
743 3442 995 3509 offerebat]
1035 3445 1147 3497 Hoc
1169 3453 1270 3510 est,
1292 3455 1351 3500 ut
1379 3450 1505 3514 ipsae

446 3515 672 3579 legiones
688 3518 937 3585 sibi,quos
950 3523 1161 3588 vellent,
1175 3526 1505 3577 centuriones

445 3592 717 3656 eligerent.
783 3596 1011 3649 Pichena.

510 3669 871 3731 Interfector-um
923 3677 1246 3730 centurionum
1296 3682 1502 3747 ordines]

445 3749 564 3824 Qua
583 3765 685 3800 non
706 3753 868 3816 major
888 3756 1024 3820 apud
1058 3758 1238 3823 vulgus
1257 3761 1503 3825 caligato-

444 3839 559 3876 mm
575 3829 862 3891 excogitari
875 3831 1082 3882 licentia
1092 3836 1275 3898 potuit.
1295 3837 1501 3903 Nempe

444 3904 710 3969 gregarius
743 3908 886 3957 miles
918 3909 973 3958 id
993 3910 1102 3961 ‘sibi
1125 3915 1421 3978 arrogabat,
1441 3923 1501 3967 ut

443 3980 528 4030 vel
550 3982 734 4047 seipse
755 3984 992 4048 eligeret,
1020 3989 1102 4037 vel
1127 3989 1498 4041 turbidissimas

421 4070 676 4123 *quosque
692 4074 754 4110 ac
771 4061 1074 4112 deterrimos
1088 4064 1154 4114 ad
1170 4067 1499 4118 centuriona-

442 4138 554 4184 tum
576 4150 670 4200 pro
686 4137 836 4206 libito
852 4141 1111 4192 eveheret.

427 4217 462 4236 “’
508 4212 662 4266 Quod
700 4217 818 4266 olim
859 4225 1134 4283 usurparat
1156 4220 1499 4273 Germanicus

425 4288 639 4358 Ὅρων,
658 4291 750 4344 lib.
770 4306 886 4349 xiv.
901 4292 918 4323 ‘
932 4295 1360 4350 centurionatum
1375 4299 1498 4354 inde

1597 2523 1817 2586 diorum,
1842 2538 1956 2590 quae
1980 2533 2189 2574 strenue
2212 2524 2264 2572 in
2287 2524 2480 2587 praeliis
2502 2522 2655 2573 fecis·

1597 2606 1697 2663 set,
1713 2601 1799 2650 cui
1823 2606 1972 2651 erant
1994 2601 2130 2651 dona
2147 2601 2408 2664 militaria,
2429 2600 2651 2651 edebatz

1595 2677 1639 2727 si
1659 2677 1869 2742 tribuni,
1903 2678 1948 2729 si
1996 2678 2126 2743 legio
2162 2678 2469 2729 industriam
2506 2678 2658 2728 iune-

1595 2755 1920 2820 centiamque
1943 2755 2379 2821 approbaverant,
2391 2753 2653 2806 retinebat

1594 2828 1833 2892 ordines3
1868 2829 1960 2881 ubi
2003 2831 2272 2882 avaritiam
2306 2838 2400 2882 ant
2430 2830 2654 2882 crudeli-

1593 2911 1757 2956 tatem
1775 2921 2029 2962 cousensu
2046 2907 2468 2980 objectavissent‚
2480 2901 2653 2959 'solve-

1588 2981 1744 3033 batur
1783 2983 2003 3035 militia!

1650 3060 1806 3113 Quod
1821 3061 1952 3132 'licet
1975 3059 2268 3123 favorabili,
2289 3063 2447 3113 immo
2469 3068 2525 3113 et
2559 3076 2650 3112 ne-

1580 3137 1807 3187 cessaria
1826 3140 2098 3190 occasione
2121 3145 2343 3205 gestum,
2374 3146 2550 3192 tamen
2570 3155 2650 3191 ar·

1585 3212 1814 3277 guebant
1836 3214 2227 3279 imperitantes:
2252 3218 2344 3270 lib.
2367 3232 2408 3268 1.
2443 3223 2530 3272 52.
2565 3217 2648 3268 'ri-

1560 3286 1759 3341 'berius
1794 3291 1811 3320 ‘
1833 3292 2093 3357 gaudebat
2131 3309 2432 3358 oppressam
2468 3295 2648 3347 sediti·

1585 3382 1767 3430 onem3
1802 3368 1897 3419 sed
1918 3370 2056 3435 quod
2092 3371 2373 3435 largiendis
2418 3372 2649 3436 pecuniis

1583 3450 1642 3495 et
1684 3446 1925 3497 missione
1961 3445 2210 3498 festinata
2240 3445 2470 3499 favorem
2516 3449 2649 3500 mili-

1583 3529 1694 3574 tum
1716 3525 2062 3589 quaesivisset,
2081 3526 2269 3577 bellica
2290 3541 2499 3593 quoque
2515 3528 2649 3578 Ger·

1582 3603 1771 3653 manici
1790 3603 1954 3668 gloria
1976 3604 2297 3670 angebatur!

1647 3682 1862 3733 Ceteras
1890 3683 2081 3733 favoris
2113 3699 2296 3734 causas
2334 3699 2438 3734 non
2471 3698 2646 3749 perse·

1583 3759 1758 3823 quitur
1777 3760 2012 3812 Tacitus.
2062 3761 2178 3812 Sed
2201 3763 2282 3811 hae
2304 3762 2431 3812 satis
2451 3762 2644 3813 intelli-

1582 3844 1791 3904 guntur,
1826 3853 1984 3904 supra
2001 3854 2119 3904 cap.
2149 3843 2232 3890 40.
2266 3839 2283 3867 ‘
2304 3839 2441 3889 Satis
2461 3853 2643 3905 super-

1582 3929 1681 3981 que
1706 3950 1877 3969 .....
1897 3918 2141 3968 mollibus
2171 3917 2419 3967 consultis
2453 3931 2644 3981 pecca·

1579 3994 1738 4045 tum:'
1773 4000 1830 4045 et
1847 4009 1962 4059 cap.
1980 4000 2062 4046 36.
2114 3998 2131 4026 ‘
2157 3996 2466 4046 Periculosa
2496 4010 2641 4045 seve-

1579 4069 1726 4132 ritas,
1783 4068 2040 4136 flagitiosa
2094 4071 2334 4137 largitio;
2381 4085 2473 4121 seu
2518 4070 2642 4121 nihil

1578 4144 1750 4209 militi,
1771 4160 1862 4197 seu
1894 4146 2067 4197 omnia
2101 4147 2538 4213 concederentur,
2583 4147 2638 4199 in

1579 4220 1796 4288 ancipiti
1818 4222 2166 4290 Respublica!
