3050 4917
2363 341 2541 409 2979

332 501 490 588 quid
541 504 643 566 tot
698 498 950 584 praeliis
995 497 1243 563 laboris
1298 516 1379 561 ac
1431 497 1708 581 periculi
1752 499 2151 581 hausissent,
2181 523 2381 588 opere
2418 507 2536 573 illo

334 599 817 678 consummati,'
875 599 1314 664 clamitantes.
1432 606 1449 632 ⁴
1489 600 1738 665 Urbem
1790 604 2066 669 Senatui
2125 626 2206 670 ac
2265 607 2536 693 Populo

334 705 530 772 Rom.
574 704 830 788 templa
862 703 1012 767 Diis
1041 702 1329 768 redditat
1377 708 1718 787 proprium
1747 727 1895 770 esse
1926 709 2153 772 militis
2181 710 2422 775 decusss
2465 714 2538 775 in

331 810 602 875 castris:
647 808 828 873 illam
884 807 1183 891 patriam,
1225 806 1377 870 illos
1427 807 1806 876 Penates:¹¹
1849 813 1914 875 ni
1944 814 2167 877 statim
2210 815 2540 899 recipian—

329 917 451 993 tur,
481 917 746 976 noctem
793 912 861 974 in
913 913 1112 974 armis
1165 910 1530 993 agendam?
1619 911 1870 978 Contra
1898 913 2269 996 Vitelliani,
2323 940 2535 1003 quan-

329 1036 528 1100 quam
555 1033 828 1079 numero
872 1014 1176 1097 fatoque‘e
1217 1014 1537 1098 dispareS,
1583 1018 1944 1101 inquietare
1975 1020 2342 1101 victoriam,
2390 1044 2536 1089 mo-

335 360 387 413 J.
411 360 471 412 c.
487 359 599 426 aa]
1025 351 1562 402 msroaumm
1609 352 1758 404 ms.
1803 354 1919 403 111.

324 1183 598 1234 taminibus
622 1181 813 1231 laboris
837 1197 897 1231 ac
921 1182 1228 1232 discriminis
1254 1186 1624 1247 exantlassent,
1646 1186 1733 1236 illa
1757 1189 2142 1251 oppugnatione
2166 1189 2301 1239 finiri
2324 1192 2534 1243 clamita-

322 1247 451 1297 bant.
521 1249 804 1297 Civitatem
829 1248 1029 1297 senatui
1058 1249 1350 1312 populoque
1374 1251 1518 1300 Rom.
1556 1252 1862 1312 restitutam,
1885 1254 2102 1303 delubra
2124 1256 2239 1304 Diis
2262 1257 2503 1307 vindicata
2518 1274 2535 1307 .·

323 1314 584 1379 propriam
608 1329 723 1362 esse
747 1312 925 1362 militis
966 1313 1178 1376 gloriam
1206 1314 1258 1362 in
1282 1318 1491 1364 castris:
1531 1316 1668 1365 illam
1695 1318 1934 1383 patriam,
1974 1320 2113 1368 illam
2138 1321 2343 1370 domum
2371 1337 2534 1373 suam:

321 1378 416 1430 nisi
447 1379 628 1429 statim
665 1383 1051 1443 recuperentur,
1088 1387 1298 1429 noctem
1322 1381 1375 1428 in
1399 1381 1552 1430 armis
1574 1382 1886 1447 agitandam.
1956 1386 2039 1433 Ex
2058 1385 2243 1435 diverso
2273 1387 2536 1453 Vitelliani,

1251 1539 1277 1557 Ο
1284 1539 1363 1559 000
1373 1539 1542 1558 ‘0060‘
1549 1539 1607 1560 ‘O

319 1663 353 1712 4
384 1660 471 1714 sic
494 1661 635 1713 bene
668 1662 799 1712 Mss.
822 1661 973 1712 Harl.
1003 1661 1119 1713 Jes.
1157 1666 1214 1711 et
1256 1660 1512 1711 editiones
1552 1660 1888 1712 recentiores.
1943 1661 2007 1711 In
2039 1664 2143 1716 Ms.
2179 1665 2310 1730 Reg.
2337 1674 2393 1717 et
2431 1668 2537 1718 edi·

1320 1794 1533 1845 No'rAE
1544 1844 1549 1848 .

382 1892 481 1944 Sed
493 1893 765 1959 praecipua
777 1893 1223 1956 materiesaggeris
1234 1893 1390 1958 ligna.
1468 1891 1882 1957 claudebantque
1920 1892 2093 1957 lignis,
2117 1892 2210 1943 sed
2246 1899 2534 1959 antrorsus,

318 1968 456 2023 Nam
467 1971 686 2032 virgulta
702 1977 758 2019 et
766 1968 928 2030 fasces
944 1972 1166 2018 maxime
1189 1970 1299 2018 usui
1323 1968 1389 2018 ad
1470 1976 1531 2019 ut
1568 1968 1718 2020 facile
1742 1969 1995 2032 subirent,
2033 1976 2091 2020 et
2133 1985 2313 2020 versus
2342 1987 2534 2037 muros,

318 2045 656 2114 implendum,
672 2047 1031 2109 attollendum,
1052 2053 1108 2096 et
1123 2044 1388 2110 ligandum
1467 2061 1595 2111 quos
1618 2046 2009 2113 oppugnabant,
2038 2061 2102 2096 ea
2137 2062 2257 2110 pars
2290 2048 2535 2100 manebat

314 2140 584 2191 aggerem.
656 2128 834 2179 Caesar
855 2127 1008 2176 Civil.
1034 2140 1095 2175 11.
1124 2125 1140 2153 ‘
1163 2125 1386 2186 Vimina,
1467 2132 1668 2189 aperta,
1712 2131 1772 2173 ut
1818 2124 2080 2189 operando
2136 2132 2193 2175 et
2248 2125 2533 2190 ingerendo

317 2205 692 2268 materiamque
715 2202 1028 2267 comportari
1054 2202 1245 2265 jubet:
1278 2201 1389 2267 qui-

318 2280 411 2331 bus
434 2281 777 2346 comportatis
816 2281 991 2345 rebus,
1027 2294 1273 2344 aggerem
1298 2293 1387 2328 ex-

319 2358 509 2409 struit.²
583 2358 655 2408 Et
677 2358 792 2407 usui
826 2357 1054 2418 arbores,
1082 2371 1186 2406 non
1222 2356 1386 2405 solum

319 2431 385 2484 ob
404 2435 624 2498 virgulta
667 2444 722 2483 et
758 2435 935 2484 tenuia
974 2448 1253 2494 ramorum,
1293 2432 1386 2482 sed

318 2510 385 2563 ob
415 2512 560 2576 ipsos
585 2518 818 2573 truncos,
850 2511 937 2576 qui
974 2509 1082 2559 lilia
1123 2511 1176 2558 in
1199 2511 1385 2559 molem

317 2590 536 2640 mediam
577 2587 876 2652 stipabant;
907 2588 1101 2652 hosque
1126 2586 1192 2635 ad
1222 2588 1389 2636 latera

321 2666 674 2731 appficabant,
708 2663 962 2714 firmando
1003 2671 1057 2713 et
1080 2661 1388 2713 coercendo.

319 2743 710 2809 Construehbant
727 2756 850 2804 ergo
868 2742 1053 2804 latera,
1065 2750 1121 2791 et
1138 2741 1393 2790 cancella-

320 2819 411 2873 tim
434 2823 592 2888 tignis
616 2821 827 2871 directis
873 2818 1285 2884 transversisque
1305 2833 1396 2868 va·

317 2897 392 2948 rie
414 2899 668 2964 ligabant.
701 2897 892 2949 Lucan.
917 2899 933 2927 ‘
949 2896 1185 2947 Stellatis
1207 2895 1390 2946 axibus

321 2976 479 3042 a'gger
518 2968 821 3040 Erigitur.'⁴
872 2973 1105 3038 Aggeres
1150 2972 1223 3022 illi
1281 2971 1395 3035 alti,

318 3061 475 3119 prout
517 3054 655 3104 muri
698 3058 867 3103 erant.
945 3051 1160 3115 Joseph.
1193 3053 1244 3098 3.
1288 3050 1388 3097 Ex-

318 3131 439 3185 cid..
488 3134 504 3159 ⁴
532 3132 727 3180 Erecto
761 3130 874 3194 jam
912 3142 1125 3192 aggere,
1170 3134 1226 3177 et
1257 3126 1383 3202 ipsis

317 3221 581 3259 murorum
624 3207 798 3272 pinnis
823 3212 1024 3255 tantum
1058 3219 1158 3253 non
1192 3219 1380 3268 appro-

319 3283 637 3351 pinquante.’
740 3283 914 3334 Caesar
970 3283 1060 3332 lib.
1099 3296 1201 3332 vn.
1236 3282 1252 3310 ‘
1278 3279 1387 3341 Ag-

320 3375 410 3425 ger
434 3397 449 3412 .
475 3398 489 3413 .
518 3399 533 3412 .
560 3397 572 3412 .
596 3361 731 3411 altus
769 3358 927 3423 pedes
960 3362 1043 3418 80,
1068 3358 1152 3422 qui
1189 3372 1387 3407 murum

321 3436 547 3489 hostium
590 3451 742 3503 paene
787 3433 1154 3499 contingeret!
1225 3433 1391 3497 Agge-

321 3514 509 3565 rebant
543 3529 662 3564 eum
697 3513 945 3577 paulatim
969 3519 1024 3562 et
1045 3511 1387 3560 admovebant

320 3588 376 3639 iu
413 3590 579 3641 fossas
620 3590 776 3654 ipsas,
814 3589 932 3639 dein
984 3589 1050 3638 ad
1090 3603 1282 3650 muros,
1330 3595 1388 3638 et

320 3666 442 3718 dum
482 3669 536 3719 id
575 3668 747 3729 tieret,
776 3667 1104 3718 nihilominus
1139 3674 1309 3716 turres
1332 3665 1384 3715 in

323 3757 509 3810 aggere
557 3745 838 3810 impositae,
866 3759 977 3810 quae
1029 3743 1386 3793 administran-

321 3826 422 3886 tes,
443 3830 535 3872 aut
570 3828 850 3888 operantes
885 3822 1184 3883 tuebantur,
1221 3830 1271 3870 et
1306 3836 1382 3870 eae

322 3898 440 3948 cam
462 3914 653 3964 aggere
682 3900 834 3948 simul
858 3899 1104 3961 paulatim
1131 3898 1380 3961 procede-

323 3975 468 4028 bant.
533 3977 713 4043 Agger
751 3977 910 4041 igitur
936 3978 1181 4040 paulatim
1213 3991 1388 4025 versus

324 4054 574 4118 oppidum
612 4056 871 4104 obsessum
914 4054 1217 4103 crescebat:
1255 4054 1386 4103 scite

325 4130 462 4179 enim
497 4137 718 4194 tergum,
754 4145 845 4180 seu
870 4129 1038 4180 cauda
1074 4130 1273 4193 aggeris
1297 4132 1387 4179 liu·

324 4204 492 4255 milior
512 4205 634 4271 fuit,
649 4214 705 4257 et
724 4207 778 4275 iu
793 4206 1003 4265 clivum,
1025 4203 1252 4255 frontem
1276 4219 1388 4254 ver-

324 4295 410 4334 sus
438 4283 644 4337 assidue
682 4284 804 4337 ivit.
867 4282 1061 4336 Latera
1094 4279 1389 4335 vinciebant

1464 2202 1755 2265 materiam,
1808 2209 2073 2253 cresceret
2128 2218 2308 2267 agger.
2390 2204 2532 2256 Huic

1465 2280 1644 2344 aggeri
1668 2280 1742 2329 sic
1761 2286 1958 2329 structo
1981 2286 2037 2329 et
2059 2278 2271 2329 admoto
2303 2280 2533 2345 impone·

1464 2355 1593 2406 bant
1611 2362 1799 2417 turres,
1817 2362 1873 2405 et
1917 2356 1969 2404 in
2008 2356 2085 2404 his
2120 2363 2329 2420 pontes,
2350 2359 2535 2422 scalas,

1462 2434 1745 2495 machinas,
1785 2440 2059 2494 tormenta,
2092 2448 2238 2495 saxa,
2281 2432 2440 2497 faces,
2477 2441 2535 2486 et

1462 2525 1614 2560 omne
1638 2525 1799 2574 genus
1838 2511 1964 2572 tela,
1992 2508 2178 2575 quibus
2202 2524 2375 2559 muros
2414 2510 2534 2561 sub-

1467 2578 1700 2650 ruerent,
1758 2593 2056 2653 quaterent,
2122 2601 2184 2636 ac
2241 2583 2560 2653 propugnat?

1469 2672 1611 2715 tores
1645 2664 2008 2714 deturbarent.

1534 2738 1553 2773 f
1574 2742 1826 2807 Fac-esque]
1859 2743 1933 2791 Ut
1949 2741 2088 2790 intra
2107 2741 2307 2803 urbem,
2330 2747 2422 2792 aut
2436 2744 2535 2794 sal-

1469 2826 1577 2869 tem
1599 2817 1665 2866 ad
1688 2825 1893 2883 portas:
1930 2817 1983 2866 id
2008 2817 2216 2867 brevius
2248 2818 2408 2868 visum
2432 2825 2535 2884 est,

1468 2904 1527 2945 ut
1549 2905 1727 2960 portas
1750 2903 2059 2957 castrorum,
2082 2902 2138 2944 et
2169 2894 2286 2960 ipsa
2308 2895 2535 2948 aedificia

1470 2989 1562 3023 seu
1581 2974 1924 3025 contubernia
1955 2973 2176 3041 militum
2202 2973 2341 3024 intra
2361 2990 2535 3026 muros

1472 3052 1649 3101 statim
1693 3050 2052 3113 incenderent,
2105 3056 2535 3119 exterrere-utque

1468 3136 1901 3194 propugnatores.
1958 3127 2107 3179 Infra
2127 3131 2251 3181 Tac.
2277 3130 2422 3183 Hist.
2440 3133 2535 3183 lib.

1467 3220 1547 3256 xv.
1571 3210 1654 3256 23.
1693 3209 1709 3234 ‘
1732 3205 1953 3256 Adactae
1995 3209 2266 3257 tormentis
2291 3209 2535 3261 ardentes

1466 3285 1645 3347 bastae,
1667 3285 1912 3351 ultroque
1929 3284 2027 3348 ipsi
2051 3292 2437 3357 oppugnatores
2458 3288 2537 3352 ig-

1466 3362 1614 3411 nibus
1638 3359 1991 3426 petebantur!

1532 3435 1557 3470 Β
1581 3428 1833 3491 Proprium
1874 3442 1972 3477 esse
2014 3427 2189 3476 militis
2206 3429 2369 3493 decus]
2432 3427 2535 3478 Mi·

1463 3503 1581 3552 lites
1614 3504 1790 3553 aiunt:
1826 3517 1882 3552 se
1903 3503 2065 3552 arbem
2085 3505 2272 3553 unctui
2290 3520 2347 3555 ac
2362 3505 2535 3569 populo

1468 3582 1608 3631 Rom.
1632 3583 1805 3646 templa
1824 3582 1940 3631 Diis
1961 3582 2266 3646 reddidisse,
2301 3598 2362 3632 ac
2394 3598 2535 3635 nuuc

1462 3659 1707 3723 proprium
1725 3675 1821 3710 esse
1842 3661 2004 3723 ipsius
2036 3656 2210 3708 militis
2241 3662 2396 3723 decus,
2435 3660 2535 3711 sibi

1464 3738 1760 3801 reciperare
1801 3746 1990 3797 castra,
2032 3743 2277 3803 tanquam
2305 3737 2537 3804 patriam,

1464 3822 1521 3865 et
1540 3817 1775 3881 proprios
1800 3818 2026 3866 Penates.

1530 3890 1555 3924 ¹¹
1578 3892 1694 3957 Illos
1731 3893 1956 3956 Penates]
1991 3894 2192 3960 Interp.
2238 3894 2534 3960 Hispanus:

1469 3970 1644 4020 Dioses
1675 3972 2015 4035 particulares.-
2069 3971 2161 4020 sed
2209 3962 2383 4022 domos
2424 3979 2537 4022 tan-

1467 4055 1577 4097 tum
1600 4049 1919 4113 intelligunt,
1933 4056 2024 4099 aut
2040 4049 2199 4098 veluti
2217 4048 2411 4099 domos.
2448 4049 2539 4098 In·

1466 4123 1583 4176 fra:
1634 4129 1795 4176 domos
1817 4162 1989 4182 .....
2010 4142 2174 4179 erma
2214 4126 2423 4194 foedare,
2465 4125 2531 4177 de

1467 4202 1656 4258 iisdem
1686 4203 1886 4257 castris.
