3050 4917
952 397 1487 450 msromARUM
1536 397 1683 447 mn.
1728 397 1828 447 lv,
2192 381 2201 390 ’
2300 381 2476 450 3115

267 567 412 613 nam
452 552 472 583 ‘
503 557 858 633 prosperas
889 543 1235 612 Germanis
1276 564 1383 610 res
1422 550 1490 610 et
1529 543 1870 610 excidium
1906 542 2263 626 legionum’
2302 563 2490 628 prae-·

267 650 538 715 dixerat.
628 649 760 714 Sed
793 649 1134 732 Lupercus
1176 649 1246 713 in
1286 648 1518 712 itinere
1561 648 1960 711 interfectus,
2053 647 2269 711 Pauci
2298 645 2475 711 Cen-

265 752 580 817 turionum
609 751 1209 835 Tribunorumque‚
1259 751 1329 815 in
1358 735 1586 815 Gallia
1611 751 1831 833 geniti,
1866 757 2297 829 reservantur,
2327 749 2475 833 pig-

262 873 383 919 nus
410 854 766 919 societatis.
857 853 1267 932 Cohorfinm,
1312 854 1590 932 alarum,
1623 855 1962 936 legionum
1992 854 2286 938 hyberna
2315 850 2474 915 sub·-

265 977 451 1022 versa
480 962 937 1040 cremataque:
984 958 1071 1021 iis
1110 963 1367 1023 tantum
1408 959 1686 1035 relictiS‚
1735 977 1888 1042 quae
1938 955 2352 1039 Magontia‘ci
2390 972 2473 1018 ac

266 1059 724 1128 Vindonissaeb
754 1064 883 1127 sita
912 1069 1087 1128 sunt.

283 1244 290 1249 ,
346 1166 455 1231 62.
501 1165 711 1248 Legio
762 1165 1293 1231 sextadecima¹⁰
1347 1170 1497 1229 cur'n
1553 1163 1824 1228 auxiliis
1884 1164 2083 1228 simul
2140 1160 2380 1226 deditis
2433 1180 2476 1225 a

267 1265 566 1333 Novesio
591 1268 663 1332 in
691 1269 1022 1333 coloniam
1061 1266 1533 1333 Treverorum‘¹
1569 1267 1934 1350 transgredi
1966 1266 2259 1351 jubetur,
2305 1275 2491 1348 prae-‘

264 1369 447 1445 finita
501 1369 632 1450 die,
693 1371 867 1436 intra
917 1390 1120 1455 quam
1172 1369 1409 1434 castris
1461 1369 1833 1434 excederet.
1879 1372 1883 1376 ’
1926 1368 2230 1434 Medium
2281 1383 2475 1430 omne

266 1475 524 1558 tempus
567 1494 685 1560 per
725 1476 946 1539 varias
988 1493 1182 1539 curas
1221 1492 1443 1556 egere:
1490 1470 1962 1554 ignavissimus
1991 1472 2299 1556 quisque,
2342 1487 2478 1533 cae·

265 1592 488 1640 sorum
520 1577 701 1661 apud
732 1577 981 1643 Vetera
1007 1577 1345 1661 exempIO,
1387 1581 1750 1680 paventes3
1795 1575 2027 1639 melior
2053 1592 2210 1658 pars
2238 1573 2478 1638 rubore

268 406 316 460 J.
339 407 396 489 c.
420 404 530 471 m]

264 1754 345 1790 res
367 1741 669 1806 Germanis,
701 1752 757 1796 et
793 1745 1203 1797 internecionem
1242 1747 1523 1810 legionum.
1592 1744 1689 1794 Sed
1722 1744 1964 1807 Lupercus
2000 1743 2054 1791 in
2087 1740 2166 1791 cia
2185 1739 2359 1790 occisus
2380 1742 2482 1789 est·

268 1805 495 1884 Nonnulli
516 1812 840 1861 centurionum
874 1812 1273 1875 tribunorumque,
1308 1812 1363 1861 ia
1384 1812 1549 1860 Gallia
1569 1810 1694 1872 nati,
1731 1813 2086 1868 emer-vantur,
2125 1807 2272 1855 velut
2303 1804 2480 1868 pignus

262 1874 529 1922 mmmm&
548 1876 828 1935 avsoederis.
899 1879 1076 1927 Castra
1096 1878 1359 1927 cohortium
1394 1878 1665 1938 alarumque
1704 1882 1759 1925 et
1791 1874 2032 1934 legionum
2050 1871 2249 1920 subruta
2269 1870 2481 1919 iucem-

262 1951 372 1999 que:
405 1938 474 2015 iis
493 1944 678 1990 tantam
698 1942 968 2005 reservatis,
987 1958 1093 2007 qaoe
1111 1943 1264 2007 posita
1285 1946 1395 1991 sunt
1421 1940 1725 2003 Magnentiaci
1745 1956 1803 1988 ac
1832 1938 2140 1989 Vindonissae.

272 2065 283 2077 ·
323 2003 479 2066 Legna
500 2007 844 2070 tertiadecima,
864 2022 968 2057 cum
990 2008 1135 2072 copiis
1155 2008 1403 2069 sociorum,
1419 2021 1524 2069 ‹10aeae
1544 2006 1686 2054 simul
1702 2019 1751 2053 se
1768 2003 2102 2068 permiserant,
2109 2000 2306 2061 jubetur
2323 2005 2478 2049 mne-

266 2081 341 2145 ve
354 2084 387 2117 a
421 2071 621 2119 Nove-sio
642 2072 693 2121 in
714 2073 958 2122 civitatem
981 2073 1303 2132 Treverorum,
1338 2071 1611 2136 praestituto
1631 2075 1857 2134 tempore,
1893 2068 2024 2117 intra
2041 2068 2162 2131 qaod
2183 2063 2483 2115 munimentis

264 2140 420 2211 (3.3*θῖοΐ
441 2134 593 2198 legio·
663 2137 975 2199 Intevffectum
1012 2154 1146 2188 amne
1176 2144 1376 2201 tempus,
1404 2135 1491 2200 per
1524 2136 1735 2185 divorum
1753 2135 2026 2183 anxietates
2044 2137 2345 2193 transegere.-
2374 2142 2481 2190 seg·

262 2208 482 2250 nummu
500 2201 692 2266 quicque
724 2203 1030 2268 trepidantes,
1060 2204 1268 2267 exemplo
1299 2201 1658 2262 interfectorum
1677 2202 1805 2265 apud
1836 2200 2045 2258 Vetera5
2074 2212 2190 2261 pars
2218 2194 2477 2257 honestior,

1202 2331 1227 2348 O
1234 2329 1493 2349 “coeco“
1500 2328 1557 2348 ‘O

330 2412 356 2458 1
392 2408 485 2459 Sic
508 2401 612 2462 Ms.
636 2411 776 2462 Flor.
801 2412 978 2474 Ceteri
1000 2412 1128 2465 Mss.
1143 2412 1365 2478 librique
1388 2410 1537 2476 editi,
1553 2410 1676 2475 legio
1699 2412 1864 2462 XIII.
1889 2410 1970 2462 vel
1988 2411 2112 2475 legio
2133 2408 2481 2461 tertiadecima.-

1266 2574 1486 2626 NOTAE
1732 2603 1741 2608 -
2468 2603 2494 2616 s

329 2685 553 2736 Frustra
573 2664 799 2738 afferunt
818 2690 955 2740 hunc
976 2689 1145 2742 Taciti
1168 2692 1338 2741 locum
1420 2687 1687 2742 centioris.
1724 2685 2040 2737 Telamonius.

265 2777 331 2812 ex
357 2761 504 2813 Hist.
530 2777 605 2815 ιν.
626 2769 710 2816 61.
733 2766 798 2815 de
816 2767 1027 2818 Veleda.
1061 2770 1077 2797 ‘
1094 2770 1173 2818 Ea
1191 2768 1338 2833 virgo
1481 2776 1504 2802 ο
1540 2767 1696 2830 Legio
1713 2761 2051 2825 sextadecima]
2093 2758 2181 2811 Sic
2214 2757 2487 2808 Mercerm

264 2839 493 2889 nationis
509 2841 784 2893 Bructerae
809 2845 913 2895 late
935 2845 1339 2910 imperitabat...-

1418 2848 1624 2913 reponit
1641 2861 1735 2910 pro
1748 2846 1870 2907 legio
1890 2842 2052 2895 XIII.
2069 2838 2204 2906 quod
2223 2837 2342 2888 mihi
2358 2851 2488 2902 prae·

265 2919 321 2964 et
344 2923 666 2977 augescente
695 2921 1066 2983 superstitione
1088 2922 1342 2973 arbitran·
1411 2927 1503 2975 ter
1540 2923 1767 2973 historiae
1808 2929 2036 2972 mentem
2076 2916 2312 2976 videtur3
2366 2926 2485 2982 ΜΨ

266 2999 353 3042 tur
399 2992 574 3044 neas:
656 2996 793 3045 Nam
836 2997 1027 3048 Tacito
1067 3006 1219 3049 erant
1258 3014 1335 3049 eae

266 3068 501 3133 virgines,
537 3085 636 3120 non
657 3078 848 3126 matres.
918 3077 988 3125 Et
1022 3074 1159 3126 forte
1183 3076 1338 3142 virgi-

181 3210 187 3215 ·
245 3146 426 3200 ,nitati
449 3146 501 3197 id
524 3148 723 3212 datum,
739 3158 802 3201 ,ut
822 3152 1193 3216 praedicerent.

337 3224 460 3273 Nec
496 3224 674 3275 Taciti
729 3242 841 3277 aevo
880 3230 1184 3281 colebantur
1216 3237 1340 3296 post

267 3298 402 3363 fata,
440 3301 532 3350 sed
568 3302 691 3352 dum
727 3304 962 3356 viverent
999 3313 1053 3355 et
1086 3307 1339 3372 praedice-

271 3383 417 3427 rent.
482 3377 739 3429 Colebant
770 3388 826 3431 ut
859 3382 1018 3446 Deas,
1054 3389 1109 3433 et
1133 3389 1190 3433 nt
1212 3383 1339 3433 divi·

269 3454 454 3514 nitatis
480 3456 742 3533 consciam
778 3460 1035 3523 putabant
1057 3462 1215 3524 Deas,
1234 3476 1338 3512 non

269 3529 562 3595 faciebant,
600 3539 693 3584 aut
714 3542 859 3585 certe
882 3550 983 3586 non
1008 3539 1160 3588 aliter
1180 3537 1337 3588 facie·

271 3606 421 3672 bant,
441 3624 592 3674 quam
611 3610 731 3675 quia
750 3612 1055 3675 credebant,
1072 3620 1207 3665 teste
1226 3615 1339 3678 ipso

270 3684 484 3734 Tacito.
561 3686 678 3736 Nec
717 3684 856 3737 forte
905 3689 968 3737 ad
1015 3705 1123 3738 rem
1166 3690 1341 3740 Taciti

271 3761 435 3825 locus,
468 3777 585 3812 cum
609 3777 671 3813 ea
694 3765 1016 3828 superstitio,
1052 3767 1341 3830 imperante

271 3838 486 3902 Severo,
505 3838 760 3905 inceperit
782 3857 813 3890 a
836 3842 1060 3905 rusticis,
1080 3847 1178 3892 διο.

341 3912 367 3947 ¹³
392 3915 707 3984 Vindonissae]
729 3918 865 3969 Urbs
882 3934 946 3968 ea
958 3919 1343 3983 Tigurinorum,

274 3991 331 4041 in
388 3993 647 4043 Helvetiis
712 3996 915 4059 pupulis
988 3997 1346 4059 Lugdunensis

274 4070 508 4121 Quintae.
577 4071 751 4122 Hodie
782 4073 1028 4137 Vindisch,
1059 4074 1182 4130 villa
1203 4071 1348 4126 'Can-

279 4146 415 4196 tonis
465 4141 653 4198 Bernae
698 4149 764 4198 ad
804 4147 1232 4212 septemtrionem
1287 4155 1345 4200 et

277 4221 548 4287 orientem,
589 4231 747 4291 atque
784 4224 852 4275 ad
896 4224 1164 4276 meridiem
1202 4219 1347 4277 fluvii

279 4297 406 4367 Aur,
436 4301 492 4352 ia
515 4303 688 4354 tractu
717 4302 940 4369 Argaea,
976 4301 1241 4355 Helvetiae
1265 4302 1347 4355 re·

1419 3016 1482 3053 ea
1514 3002 1569 3050 in
1604 3000 1811 3050 Italiam
1846 3013 1878 3048 a
1912 2995 2128 3045 Vitellio
2162 2991 2319 3043 ducta
2351 2987 2484 3049 fuit3

1417 3079 1560 3144 quod
1595 3084 1820 3128 testatur
1856 3074 1992 3123 libro
2031 3068 2372 3137 praecedenti,
2395 3066 2486 3117 ubi

1419 3146 1653 3206 ordinem
1669 3151 1882 3216 agminis
1890 3149 2288 3200 Vitellianorum
2303 3143 2489 3195 refert.

1419 3229 1513 3279 Ait
1535 3226 1702 3279 enlm:
1735 3227 1994 3281 ‘mediam
2013 3225 2178 3275 aciem
2202 3213 2499 3273 sextadeci-'

1418 3321 1596 3356 manos
1619 3300 2256 3367 duoetvicesimanosque!

1485 3384 1559 3433 At
1584 3397 1742 3446 supra
1763 3369 1861 3430 hoc
1896 3380 2081 3429 eodem
2097 3378 2229 3428 libro
2251 3369 2486 3440 ejusdem

1420 3459 1810 3510 tertiaedecimae
1835 3455 2050 3520 legionis
2083 3452 2338 3513 meminit,
2370 3445 2511 3515 quoe‘

1419 3537 1556 3600 apud
1583 3534 1865 3585 Novesium
1887 3538 1999 3580 erat
2022 3548 2034 3579 ε
2070 3531 2085 3558 ‘
2112 3527 2358 3592 ingressis
2382 3525 2507 3576 No-‘

1421 3613 1640 3673 venium,
1675 3607 2030 3660 tertiadecima
2056 3605 2194 3670 legio
2224 3597 2490 3666 conjungi-

1423 3688 1545 3739 tur!
1581 3686 1807 3737 Pichena.
2384 3699 2395 3704 -

1484 3765 1509 3799 ‘¹
1547 3764 1794 3814 Coloniam
1851 3758 2185 3823 Treverorum]
2251 3756 2503 3820 Augusta

1422 3844 1782 3901 Treverorum,
1816 3838 1935 3887 urbs
1952 3837 2299 3907 Treverorum
2328 3830 2505 3898 popu-'

1423 3919 1589 3967 lorum
1604 3917 1669 3966 ad
1684 3916 1957 3965 Mosellam
1973 3926 2194 3972 amnem,
2207 3910 2257 3959 in
2272 3910 2492 3973 Belgica

1428 3991 1642 4043 Prima:
1693 3991 1846 4041 bodie
1893 3991 2035 4040 Trier
2076 3986 2280 4049 incolis,
2323 3983 2495 4034 Preces

1428 4069 1662 4130 Francis,
1717 4067 1841 4118 urbs
1897 4064 2391 4128 Archiepiscopatus
2434 4067 2492 4110 et

1425 4148 1760 4197 Electoratus
1805 4143 2143 4205 Trevirensis,
2199 4142 2254 4192 in
2296 4140 2490 4192 circulo

1423 4221 1593 4274 Rheni
1614 4219 1892 4274 inferioris.
1931 4220 2255 4272 Haemonius:
