3050 4917
329 411 615 478 meaa]
673 412 680 418 ·
1014 404 1550 464 armannum
1598 404 1746 454 mn.
1791 404 1901 456 v..‘
2384 393 2581 466 δικ.

327 553 615 620 sentes¹⁰
662 549 968 617 miserias
1011 547 1484 634 pepulissent?
1571 547 1966 630 Assensere,
2018 556 2221 639 atque
2261 555 2575 628 omniam-

325 657 551 739 ignaxi
621 655 968 720 fortuitum
1021 653 1147 717 iter
1204 653 1554 735 incipiunt.
1594 711 1603 718 .
1669 652 1806 717 Sed
1859 654 2022 724 nihil
2079 674 2298 740 seque,
2352 675 2556 742 quam

324 758 567 842 inopia
610 778 805 841 aquae
850 757 1200 840 fatigabat.
1285 756 1628 841 Jamque¹¹
1660 756 1843 820 haud
1868 758 2102 841 procul
2129 760 2361 836 exitio,
2390 764 2556 830 totis

331 864 601 945 campis
645 861 1179 946 procubuerant3
1247 880 1399 925 cnm
1443 877 1629 943 grex·
1652 862 1989 928 asinorum
2029 864 2470 945 agrestium,f¹,²
2513 883 2553 928 e

319 969 535 1049 pastu
586 966 656 1028 in
713 984 970 1048 rupem,
1023 984 1290 1052 nemore
1356 982 1661 1048 opacam,
1722 966 2137 1030 concessit.¹³
2258 965 2549 1034 Secutus

320 1067 1008 1153 Moses‚feonjectura
1034 1068 1496 1146 herbidi-soli}
1537 1068 1756 1151 largas
1803 1087 2127 1151 aquarum
2155 1087 2363 1136 venas
2390 1088 2551 1152 ape·
2642 1145 2649 1148 ‚

300 1232 539 1298 fidentes,
571 1239 859 1297 praesentes
898 1234 1222 1285 calamitates
1262 1232 1598 1283 devitassent.
1674 1232 1815 1283 Ultro
1848 1248 2132 1296 conseruere,
2165 1239 2304 1297 atque
2339 1234 2549 1283 omniunt

316 1299 462 1350 inscii
487 1299 751 1359 fortuitum
787 1300 882 1349 iter
916 1301 1277 1361 aggrediuntur.
1341 1299 1437 1348 Sed
1473 1299 1598 1347 nihil
1626 1299 1826 1363 perinde
1864 1299 1981 1348 illos
2014 1300 2231 1362 vexabat,
2262 1315 2319 1348 uc
2345 1300 2549 1363 pennu-ia

316 1367 482 1426 aquae.
540 1365 742 1428 Jamque
763 1365 889 1413 haud
907 1366 1042 1427 longe
1062 1365 1121 1413 ab
1144 1364 1363 1426 interitu,
1385 1365 1501 1412 totis
1521 1365 1658 1426 agris
1680 1364 1942 1424 jacebam,-
1996 1380 2101 1413 cum
2121 1379 2290 1426 agmen
2309 1366 2547 1414 asinorum

314 1430 625 1491 sylvestrium
668 1445 693 1479 e
730 1430 915 1492 pascuis
935 1431 1172 1479 contendit
1196 1430 1246 1479 in
1268 1445 1448 1493 rupem,
1468 1431 1588 1479 lucis
1608 1429 1885 1494 umbrosam.
1954 1429 2201 1478 Insecutus
2224 1431 2396 1490 Moses,
2415 1431 2544 1479 indi-

316 1493 393 1544 cio
415 1498 560 1546 terroe
590 1496 875 1559 gramineae,
909 1495 1140 1545 uberrime
1160 1497 1472 1546 scaturientes
1498 1509 1728 1560 uquarum
1752 1494 1918 1555 fontes
1949 1495 2272 1559 deprehendit.
2341 1497 2402 1546 Id
2422 1496 2545 1546 sola·

1255 1656 1578 1677 OO‘OOO‘O‘OO
1585 1656 1612 1675 θ

319 1795 423 1856 ret,
445 1791 778 1843 referebant:
832 1793 912 1842 vel
936 1792 1125 1842 omissa
1142 1790 1353 1842 volebat
1376 1790 1628 1841 Ernestus
1650 1790 1828 1851 verba,
1850 1795 1905 1839 ut
1922 1791 2034 1840 daci
2053 1792 2247 1840 coelesti.
2317 1790 2391 1840 At
2425 1790 2540 1842 baec

319 1858 497 1906 omnia
537 1873 668 1907 vana
704 1865 843 1908 sunt.
912 1857 1250 1907 Manifestum
1275 1866 1355 1908 est
1376 1858 1513 1905 enim
1555 1856 1606 1905 id
1643 1857 1907 1920 pertinere
1941 1855 2006 1904 ad
2046 1857 2252 1918 Mosen,
2273 1858 2540 1907 coelestem

319 1920 528 1983 ducem,
562 1924 717 1986 primo
735 1924 870 1984 cnjus
915 1921 1108 1971 auxilio
1129 1922 1304 1974 Judoei
1342 1929 1629 1987 praesentes
1653 1923 1706 1970 iu
1727 1921 1789 1969 [Ε
1863 1927 1955 1985 pto
1995 1927 2050 1968 et
2085 1921 2138 1969 in
2179 1920 2333 1970 maris
2374 1921 2563 1971 Rubri-

319 1988 546 2037 transitu
584 1989 816 2038 miserias
840 1988 952 2051 jam
988 1990 1311 2053 pepulerant.
1380 1988 1547 2037 Recte
1570 1987 1763 2037 Illustr.
1844 1986 2046 2035 uetiusx
2082 1986 2182 2036 ‘Id
2207 1986 2319 2035 vult
2342 1987 2559 2037 Corne-.

316 2051 417 2101 lius
431 2053 541 2116 jam
565 2068 715 2117 opem
741 2053 881 2118 aliqu
990 2053 1113 2115 ipsis
1136 2053 1315 2102 tulisse
1336 2054 1559 2111 Mosem,
1583 2052 1671 2116 qui
1696 2057 1975 2116 propterea
1998 2051 2101 2100 sibi
2123 2049 2266 2101 credi
2290 2066 2320 2099 a
2337 2050 2555 2108 Judaeis,

317 2120 629 2180 postularet.
694 2119 814 2170 Jam
838 2119 887 2167 in
929 2133 959 2166 e
982 2124 1156 2167 autem
1183 2119 1317 2166 Mosi
1338 2116 1495 2166 fidem
1517 2117 1742 2165 habitam
1776 2118 2047 2179 sequentia
2081 2115 2403 2168 ostendunt.’
2471 2117 2536 2166 In

318 2182 449 2230 Mss.
476 2184 610 2232 Flor.
638 2185 766 2246 Reg.
792 2192 848 2233 et
868 2184 1100 2232 editione
1138 2184 1397 2247 principe,
1431 2184 1548 2231 duce
1580 2183 1769 2232 coelesti.
1835 2182 2192 2232 Brotier.-—-10
2238 2181 2347 2232 Pro
2380 2182 2537 2245 prinis

317 2247 567 2304 tentabat
601 2252 835 2298 eruditus
870 2248 1104 2307 Θτοῒίιιε,
1136 2250 1335 2310 pridem.
1418 2247 1573 2298 Quod
1608 2249 1818 2297 minime
1854 2247 2196 2297 necessarium
2233 2253 2333 2296 est.
2416 2247 2535 2298 Nec

316 2314 502 2362 melius
532 2314 922 2373 Freinshemius»,
956 2315 1091 2375 enjus
1108 2313 1322 2363 consilio.
1387 2314 1515 2362 Mox
1539 2313 1592 2360 iu
1616 2313 1749 2363 Mss.
1771 2319 1827 2361 et
1848 2312 1993 2362 libris
2014 2311 2191 2374 editis,
2225 2312 2406 2361 auxilio
2437 2325 2538 2362 cre·

314 2378 481 2428 dentes
498 2385 770 2442 proesentes,
790 2383 870 2442 ἆγε.
906 2380 988 2442 [et
1009 2380 1084 2427 sic
1105 2379 1332 2429 Gronov.
1352 2384 1409 2428 et
1431 2377 1706 2441 Ryckius]
1763 2376 1837 2428 At
1858 2379 2095 2428 credentes
2115 2376 2322 2426 omnino
2345 2376 2547 2428 reditu·-

316 2441 444 2492 dat:
497 2446 563 2494 ab
588 2445 986 2494 amanuensibus
1010 2443 1245 2494 additum
1281 2451 1402 2507 post
1439 2444 1614 2493 Orosii
1650 2450 1904 2506 tempora.
1971 2442 2140 2491 Abest
2163 2442 2300 2490 enim
2324 2442 2389 2490 ab
2424 2442 2534 2506 ejus

310 2506 484 2558 libris.
569 2510 685 2559 Nec
723 2509 850 2559 illud
907 2510 1064 2559 babet
1105 2510 1246 2559 Otho
1284 2509 1647 2574 Frisingensis.
1730 2507 1865 2558 Vide
1906 2507 2223 2557 Testimonia
2262 2508 2530 2557 Veterum.

315 2572 721 2637 Lampuguanus
744 2590 773 2623 e
796 2575 977 2624 codice
1019 2590 1111 2624 suo
1144 2574 1506 2623 Mirandulano
1530 2572 1720 2623 frustra
1743 2573 1941 2635 laudat,
1972 2573 2295 2635 pertulissent.
2363 2570 2532 2623 Idem.

314 2636 589 2701 Bipontini
609 2640 781 2689 locum
803 2642 879 2689 ita
902 2640 1247 2692 concinnant:
1294 2642 1377 2689 sed
1411 2640 1599 2689 sibimet
1633 2645 1914 2703 quaerentes,
1931 2642 1984 2686 at
2010 2637 2140 2686 Daci
2161 2636 2354 2700 coelesti,
2377 2640 2535 2687 crede-

310 2708 421 2751 rent
439 2707 611 2767 primo,
632 2706 762 2766 cidus
780 2705 963 2754 anxilio
982 2711 1238 2768 praesentes
1258 2706 1363 2754 mis.
1389 2693 1509 2768 (ρει).
1577 2705 1780 2754 Putant
1802 2704 2013 2768 quippe,
2035 2702 2175 2758 istud
2199 2706 2477 2766 quarentes,
2499 2718 2556 2764 a,

310 2768 528 2818 librario
555 2772 815 2832 omissum,
834 2771 1003 2819 alieno
1027 2769 1146 2818 dein
1164 2772 1282 2819 loco
1307 2771 1575 2832 intrusum,
1594 2771 1646 2818 in
1667 2771 1906 2819 credentes
1928 2771 2040 2818 ess'e
2063 2772 2338 2834 mutatum.
2384 2767 2529 2818 ‘Mihi

311 2833 492 2883 turbas
516 2835 716 2884 dedisse
752 2836 994 2883 enclitlca
1015 2836 1328 2898 pronominis
1349 2835 1444 2884 sibi
1469 2834 1695 2898 videtur,
1719 2849 1815 2899 qua
1839 2841 2044 2883 resecta
2067 2833 2387 2896 expulsoque
2411 2848 2532 2896 spu·

308 2900 389 2948 rio
410 2902 652 2949 credentes
675 2901 843 2950 omnia
866 2902 1040 2963 plana,
1062 2915 1200 2951 sana.
1250 2900 1358 2950 Sibi
1378 2899 1616 2965 profecto
1636 2899 1835 2949 nonnisi
1856 2900 1921 2948 ad
1940 2900 2108 2947 Mosen
2125 2896 2311 2947 referri
2338 2905 2531 2960 potest.

306 2965 582 3014 Praesentes
599 2966 814 3015 miserias
833 2965 1088 3027 intelligo,
1115 2965 1298 3028 quibus
1322 2980 1440 3014 mox
1464 2964 1668 3014 fuerant
1691 2965 1873 3029 pressi.
1926 2963 2215 3014 Oberlae-ll
2254 2963 2359 3018 Qne
2380 2963 2532 3013 abest

309 3044 342 3078 a
364 3030 469 3079 Ms.
494 3031 787 3081 corb—12
821 3031 1058 3080 Pessime
1080 3030 1242 3081 editio
1264 3032 1523 3096 princeps,
1556 3031 1852 3083 nutriorem
1883 3033 2138 3094 agrestum.
2204 3026 2393 3077 Asinos
2410 3028 2549 3085 illos,

308 3103 545 3158 agrestes
565 3097 920 3147 Tertullianus
939 3110 1159 3159 onagros
1181 3095 1327 3146 dixit.
1376 3097 1724 3146 Brutia—13
1754 3094 1937 3145 Editio
1955 3093 2221 3158 princeps,
2239 3095 2526 3145 conscendit.

1314 3221 1527 3299 Νότε

307 3376 375 3411 an
411 3365 517 3411 n'on
555 3378 676 3427 vox,
702 3367 958 3431 credentes,
991 3365 1248 3432 ejicienda
1286 3365 1374 3417 sit.
1520 3370 1550 3415 ξ
1586 3357 1902 3426 Pepulissent]
1935 3357 2000 3409 Id
2024 3362 2123 3423 est,
2143 3357 2527 3423 pellerent‚sen

310 3435 383 3489 Et
413 3439 528 3503 jam
567 3440 719 3490 video
744 3442 921 3491 abesse
939 3443 991 3492 in
1017 3442 1242 3498 Othonis
1265 3442 1376 3492 Fri·
1457 3440 1653 3505 pulsuri
1677 3443 1845 3488 erant.
2162 3433 2169 3440 '

305 3511 569 3579 singensis'
598 3517 632 3568 l.
668 3532 709 3568 1.
736 3517 798 3568 'c.
835 3524 916 3570 18.
954 3521 1041 3570 ubi
1078 3522 1190 3571 haec
1228 3520 1374 3571 citat.
1521 3526 1545 3561 9
1578 3519 1858 3579 Coniectura
1879 3513 2066 3563 herbidi
2085 3512 2196 3574 soli]
2251 3511 2397 3560 Deus
2430 3508 2527 3559 mi'-

306 3592 518 3657 ῙᾸΡθὶῑίθ·
1458 3603 1626 3646 sertus
1649 3608 1846 3653 eorum,
1868 3591 1957 3656 qui
1979 3589 2074 3639 sub
2095 3588 2355 3652 AEgyptiis
2388 3586 2527 3650 regi-

374 3671 437 3721 td
461 3678 571 3721 est:
609 3673 919 3724 Destitutia
939 3676 1052 3725 Diis
1067 3677 1377 3727 bominibus·
1458 3673 1553 3722 bns
1589 3668 1907 3720 intolerabili
1944 3665 2212 3716 servitutis
2245 3664 2375 3727 jugo
2406 3677 2526 3727 pre-

306 3762 430 3813 que,
454 3749 646 3798 nullam
671 3750 879 3801 aliunde
902 3767 1054 3816 opem
1077 3763 1373 3819 sperarent,
1455 3749 1744 3824 mebautug,
1805 3751 1922 3818 post
1984 3757 2145 3792 annos
2215 3745 2328 3791 33⁰.
2387 3740 2545 3791 duce·

303 3837 461 3890 quam
502 3841 533 3875 a
573 3842 627 3876 se
663 3842 781 3889 uno,
813 3828 957 3892 cujus
995 3830 1146 3879 unico
1182 3832 1374 3881 auxilio
1453 3829 1644 3891 Moise,
1675 3826 1858 3876 eduxit
1879 3832 1935 3873 et
1967 3817 2230 3882 liberavit,
2253 3819 2522 3885 ediditque

304 3904 511 3966 pulsuri
556 3912 844 3967 praesentes
895 3913 1072 3957 essent
1121 3908 1371 3958 miserias.
1454 3906 1647 3970 populo
1682 3904 1903 3968 plurima
1923 3901 2069 3963 signa
2106 3897 2318 3946 virtutis
2336 3902 2393 3946 et
2413 3911 2524 3947 ma·

305 3975 607 4044 pepulissent
644 3983 756 4032 scil.
810 3998 904 4046 pro
947 3983 1144 4049 p'ulsuri
1185 3994 1371 4035 essent.
1440 3983 1655 4047 jestatis
1686 3996 1808 4031 suae.

302 4056 389 4106 Sic
414 4057 592 4122 Agric.
625 4073 672 4107 c.
698 4064 746 4109 6.
782 4060 798 4087 ‘
822 4059 1034 4108 Electus
1058 4076 1089 4109 a
1112 4060 1284 4110 Galba
1305 4061 1370 4111 ad
1516 4060 1668 4110 Inter
1691 4065 1889 4118 cetera,
1904 4068 2022 4103 cum
2040 4053 2179 4101 sitim
2197 4056 2524 4114 paterentur,

303 4131 444 4183 dona
469 4136 775 4199 templorum
814 4137 1235 4199 recognoscenda
1257 4174 1269 4188 .
1290 4175 1303 4189 .
1321 4175 1335 4188 .
1356 4174 1370 4189 .
1453 4146 1625 4188 castra
1647 4135 1826 4185 metati
1851 4134 1903 4181 in
1920 4130 2215 4195 Rapbidim,
2229 4130 2338 4178 ictu
2359 4126 2542 4192 virge.

299 4207 468 4273 fecit,
489 4226 552 4259 ne
598 4211 746 4275 cujus
786 4213 999 4262 alterius
1045 4214 1370 4279 sacrilegium
1452 4230 1483 4264 a
1508 4215 1658 4263 Mose
1682 4208 1863 4260 Horeb
1902 4217 2034 4270 rupe
2070 4202 2522 4269 percussa,prosi·

302 4285 539 4352 Respub.
597 4301 749 4352 quam
795 4289 1020 4340 Neronis
1072 4292 1319 4343 sensisset
1335 4292 1371 4346 z’
1450 4293 1553 4342 luit
1588 4289 1706 4340 fons
1740 4301 1910 4352 squae,
1930 4284 2283 4348 populumque
2317 4293 2523 4331 recrea·

302 4363 419 4415 scil.
444 4377 561 4430 pro,
580 4377 795 4415 sensura
815 4373 972 4419 esset.
1451 4368 1546 4422 vit.
1587 4365 1761 4418 Exodi
1783 4363 1864 4415 tt.
1934 4359 2163 4412 γετίνα.
