3050 4917
2443 381 2625 452 2778

416 549 722 616 omnibus
744 543 1135 629 municipiis
1151 551 1181 591 ¹
1214 540 1468 607 reeoli'
1504 542 1713 627 jussit
1741 540 2106 610 Antonius·
2152 544 2466 611 decorm
2494 542 2629 628 pre

416 670 628 718 causa
652 656 862 727 ratae,
901 649 962 713 si
990 649 1322 732 placere⁵¹
1361 644 1605 711 Galbae
1639 645 2063 732 Principatus
2092 653 2159 713 et
2196 653 2421 732 partes
2448 645 2623 713 revi-

415 751 704 820 rescere⁶
732 752 1167 818 crederentur.

501 856 568 922 8.
617 855 999 936 Quaesitum
1025 854 1266 932 inde,‘
1290 873 1444 938 quae
1489 851 1684 918 sedes
1731 854 1931 919 belle*
1955 853 2340 937 legeretur-'l'
2429 858 2450 887 ‘
2480 852 2621 920 Ve-

415 968 605 1026 rona·
656 959 894 1045 potior’
942 959 1111 1037 visa,
1158 963 1179 993 ‘
1208 957 1606 1043 patentibus
1634 959 1883 1023 circum
1912 958 2169 1043 campis
2199 958 2286 1021 ad
2321 976 2622 1043 pugnam,

417 1061 832 1149 equestrem,'
893 1083 1029 1148 qna
1079 1045 1577 1146 praevalebant:
1557 1060 1606 1099 ’¹’
1666 1060 1889 1142 simul,
1953 1065 1975 1096 ‘
2003 1063 2332 1140 coloniam
2399 1060 2623 1146 copiis

411 402 685 470 J.c,m,]
1059 396 1590 447 ms'roluARUu
1645 396 1793 446 Lln.
1838 396 1955 447 111.

414 1240 634 1306 partibus
665 1239 962 1305 existimans,
991 1242 1039 1291 si
1063 1240 1251 1305 placere
1288 1240 1455 1290 Galboe
1488 1240 1758 1305 imperium,
1794 1244 1845 1290 et
1873 1245 2039 1305 partes
2068 1238 2182 1303 ejus
2210 1251 2455 1302 resurgere
2482 1240 2625 1301 puta

418 1311 658 1420 maz-m
678 1373 1007 1430 consultatum,
1029 1386 1144 1435 quoe
1167 1385 1262 1420 arx
1281 1369 1405 1421 belli
1429 1370 1815 1420 assumeretur?
1878 1368 2087 1419 Verona
2106 1368 2266 1432 magis
2289 1366 2487 1431 placuit,
2518 1366 2626 1416 lata

418 1440 476 1487 et
507 1441 689 1500 aperta
708 1436 902 1485 circum
941 1436 1155 1500 planitie
1180 1436 1247 1485 ad
1286 1436 1653 1500 explicandum
1676 1441 1920 1502 equestre
1945 1441 2228 1498 cerumen,
2265 1448 2351 1498 quo
2380 1448 2444 1497 pr

1348 1563 1435 1583 m
1440 1563 1707 1584 meeaeeo

367 1676 370 1679 ⁴
415 1657 674 1721 gloriaque
704 1656 816 1718 ιιιιῄ.
821 1659 913 1706 -“-5
947 1656 1035 1707 Sic
1059 1656 1191 1706 bene
1215 1657 1343 1707 Mss.
1379 1658 1521 1708 Flor.
1562 1656 1739 1710 Guelf.
1780 1657 1933 1708 Harl.
1966 1656 2120 1706 Bodl.
2157 1656 2272 1708 Jes.
2309 1653 2542 1708 Pichena
2564 1660 2623 1705 et
2729 1653 2732 1660 “

421 1724 758 1772 recentiores.
826 1722 885 1770 In
911 1723 1014 1771 Ma.
1057 1720 1208 1772 Corb.
1243 1729 1300 1772 et
1335 1722 1652 1774 editionibus
1672 1722 1958 1784 veteribus,
1988 1722 2032 1771 si
2067 1719 2627 1786 placerel.'1'entabat

420 1787 681 1860 Muretus,
710 1786 802 1837 sibi
817 1788 1042 1852 placeret.
1044 1791 1142 1837 -6
1174 1788 1302 1838 Mss.
1324 1787 1436 1840 Jes.
1462 1796 1518 1839 et
1541 1788 1723 1840 Guelf.
1755 1788 2054 1838 reviviscere.

1304 1997 1311 2006 ,
1403 1933 1626 1989 NoTAE

417 2046 503 2097 bae
527 2047 675 2098 simul
698 2047 857 2099 etiam
886 2055 1051 2115 partes
1081 2051 1362 2104 revirescere
1379 2067 1479 2103 ere-

415 2124 654 2175 detentum

482 2200 677 2252 Fuerat
707 2203 980 2253 restitutus
1017 2203 1273 2255 Antonius
1308 2204 1477 2255 ordini

418 2284 477 2328 et
497 2277 674 2328 decori
707 2295 738 2329 a
759 2281 948 2345 Galba,
966 2290 1026 2332 et
1046 2281 1112 2332 ab
1144 2282 1326 2332 eodem
1348 2298 1479 2347 proe·

417 2358 619 2422 positus
634 2359 868 2424 septimae
883 2360 1092 2424 legioni,
1104 2375 1219 2425 quae
1241 2361 1479 2412 Galbim

418 2433 720 2484 dicebatur:
756 2435 935 2500 sicque
956 2443 1012 2486 et
1050 2438 1253 2501 privata
1272 2444 1327 2487 et
1350 2439 1480 2503 pub·

417 2509 524 2560 lica
544 2525 699 2561 causa
717 2512 957 2562 inductus
972 2512 1195 2577 videtur,
1217 2520 1275 2563 ut
1293 2514 1476 2565 Galbae

419 2586 580 2638 decus
611 2590 932 2640 restitueret.
998 2591 1115 2641 ‘rali
1150 2592 1338 2643 decore
1370 2594 1480 2657 dig-

415 2663 654 2716 nissimus
677 2665 873 2716 vindex
900 2667 990 2717 ille
1020 2669 1223 2733 imperii
1243 2679 1298 2720 et
1320 2686 1483 2720 asser·

419 2748 508 2792 tor
539 2745 742 2807 generis
776 2745 984 2795 humani
1019 2745 1207 2795 Galba.
1274 2748 1346 2796 Et
1367 2747 1483 2812 jam

418 2833 597 2884 supra,
633 2821 891 2886 ‘populus
926 2836 1043 2873 cum
1078 2823 1228 2873 lauru
1258 2837 1321 2874 ac
1343 2821 1482 2874 flori-

416 2895 516 2948 bns
547 2897 732 2948 Galbae
771 2899 1020 2963 imagines
1051 2900 1250 2951 circum
1290 2904 1483 3010 templa

418 2967 576 3030 tulit!

412 3068 457 3096 -n
485 3062 518 3087 '
544 3055 826 3120 Discordia]
873 3058 1082 3123 Nempe
1103 3058 1385 3110 rebellione
1406 3060 1481 3111 Ο-

418 3130 591 3181 thonis
627 3137 684 3183 et
714 3134 916 3185 Vitellii
953 3133 1198 3185 adversus
1222 3135 1481 3199 Galbam3

418 3207 601 3260 eodem
634 3211 772 3261 enim
809 3212 999 3274 animo,
1041 3213 1325 3279 eodemque
1369 3213 1480 3265 fere

418 3290 655 3351 tempore
685 3294 904 3354 uterque
923 3288 1193 3340 defecerat
1228 3306 1260 3341 a
1296 3291 1483 3344 Galba.

413 3362 609 3429 Sicque
653 3365 766 3428 ejus
802 3367 1050 3430 imagines
1092 3367 1374 3431 subversae,
1428 3375 1485 3418 et
1520 3411 1532 3418 .

416 3440 645 3490 nondum
669 3443 910 3507 repositae
931 3442 1158 3494 fuerant.

420 3535 427 3544 ·
483 3523 511 3550 ¹
543 3517 823 3582 Subversad
874 3521 977 3573 Qui
1013 3535 1125 3570 mos
1160 3520 1319 3570 etiam
1359 3521 1482 3571 olim

420 3592 625 3644 Graecis
645 3596 885 3660 usitatus,
924 3601 1058 3647 teste
1088 3596 1354 3648 Plutarch.
1378 3598 1482 3648 Po·

417 3671 501 3721 lit.
523 3673 815 3723 ‘Demadis
853 3674 980 3724 item
1010 3680 1214 3725 statuas
1251 3675 1485 3738 dejectas

419 3754 477 3797 et
497 3748 734 3811 obrutas,
757 3764 819 3800 ac
839 3749 960 3800 iude
997 3751 1061 3800 ad
1101 3752 1312 3801 vascula
1344 3765 1483 3816 qum·

416 3824 537 3876 dam
571 3841 667 3890 per
706 3828 1066 3879 contumeliam
1101 3827 1373 3893 conflatas,
1402 3843 1484 3879 ac·

418 3904 689 3968 cepimus!

420 3995 441 4015 ··
479 3987 505 4023 5
535 3980 840 4045 Municipiis]
873 3983 1009 4034 Quia
1041 3983 1268 4034 nondum
1303 3984 1483 4035 Romae

416 4055 473 4107 ld
494 4058 784 4122 praecipere
803 4065 1042 4122 poterat3
1079 4064 1201 4126 quia
1222 4061 1337 4112 scil.
1359 4077 1484 4113 non·

417 4133 541 4183 dnm
559 4135 776 4198 vicerat,
797 4136 919 4200 quia
949 4138 1175 4188 nondum
1195 4139 1376 4190 urbem
1398 4153 1484 4191 oc·

418 4219 724 4276 enpaverat,
744 4213 835 4264 id
821 4228 875 4263 ιιι
894 4216 1365 4282 municipiisjussit.

420 4303 433 4316 ·
480 4295 504 4342 ‚⁸
534 4288 596 4341 Si
609 4288 822 4357 plume]
849 4292 1032 4346 Vertit
1062 4293 1258 4362 interp.
1294 4293 1486 4362 Hispa·

1560 2068 1689 2104 nus:
1723 2052 1777 2103 Si
1812 2050 1993 2118 populi
2030 2040 2406 2116 praesumerent
2439 2046 2626 2099 Galbae

1559 2131 1907 2196 principatum
1983 2127 2305 2192 Vespasiano
2389 2125 2624 2189 placere.

1559 2210 1717 2259 Forte
1756 2222 1934 2258 sensus
1967 2211 2082 2256 est:
2116 2204 2171 2254 Si
2195 2201 2458 2266 Flavianis
2482 2203 2633 2251 cete·

1558 2285 1734 2349 risque
1754 2282 2056 2334 mortalibus
2074 2282 2282 2345 placeret
2304 2278 2473 2331 Galba·
2485 2278 2625 2342 prin-

1557 2362 1756 2426 cipum,
1790 2362 1877 2426 qui
1902 2359 2091 2423 alioqui
2119 2357 2282 2407 bonus
2303 2361 2356 2406 et
2376 2355 2627 2405 innocens

1558 2438 1872 2503 Imperator,
1907 2442 1963 2486 et
1986 2436 2030 2486 si
2059 2435 2339 2485 revirescere
2366 2438 2531 2497 partes
2568 2431 2630 2482 il

1559 2515 1658 2566 lius
1680 2514 2041 2582 crederentur,
2063 2517 2249 2575 utpote
2267 2507 2516 2560 adversus
2538 2508 2630 2557 Vi·-

1562 2592 1780 2656 tellium,
1833 2592 1920 2656 qui
1960 2589 2240 2639 rebellarat
2274 2588 2327 2636 in
2382 2586 2627 2651 Galbam,

1561 2671 1715 2734 longe
1738 2671 1898 2734 pejor,
1926 2682 2026 2718 nec
2048 2666 2246 2717 saevitia
2264 2666 2481 2715 minore.

1631 2744 1850 2809 Placere]
1882 2744 2074 2795 Melior
2093 2750 2244 2794 vetus
2261 2742 2438 2806 lectio,
2471 2743 2631 2806 placa·

1561 2827 1656 2874 ret.
1716 2823 1783 2874 Id
1817 2822 2067 2873 decorum
2102 2835 2198 2885 pro
2239 2834 2399 2870 causa
2430 2819 2640 2884 Vespa·

1563 2900 1696 2951 siani
1728 2906 1890 2962 ratus,
1925 2900 1968 2949 si
2003 2898 2189 2949 Galba
2223 2896 2632 2961 principatuset

1563 2978 1678 3042 ejus
1716 2984 1894 3044 partes
1926 2992 1989 3027 eo
2009 2976 2146 3026 bello
2178 2975 2496 3025 revirescere
2515 2987 2634 3025 creo

1562 3056 1844 3118 derentur3
1879 3056 2022 3121 quia,
2057 3054 2171 3104 scil.
2208 3053 2481 3117 placuerat
2506 3049 2631 3101 Gal-

1561 3134 1647 3195 ba,
1680 3132 1946 3198 praecipue
1969 3130 2171 3181 senatui
2192 3136 2248 3180 et
2265 3127 2502 3179 omnibus
2539 3126 2632 3178 be·

1562 3210 1673 3260 nis:
1741 3209 2082 3274 displicuerat
2128 3208 2222 3257 ille
2266 3211 2471 3256 tantum
2514 3202 2632 3255 fere

1562 3287 1828 3352 militibus,
1852 3286 2066 3351 praemia
2088 3292 2145 3336 et
2177 3284 2345 3348 spolia
2378 3280 2636 3347 cupienti*

1562 3364 1680 3429 bus,
1718 3365 1996 3415 exturbata
2038 3363 2243 3427 Repub.
2307 3360 2396 3412 Sic
2434 3359 2631 3425 quippe

1564 3448 1621 3492 et
1664 3441 1978 3508 Vespasiani
2044 3440 2371 3505 principatus
2420 3438 2633 3503 placere

1562 3520 1762 3584 optimo
1779 3520 1965 3584 cuique
1990 3518 2181 3583 potuit,
2204 3517 2351 3583 quasi
2369 3514 2491 3564 huic
2512 3513 2634 3564 insi-

1564 3602 1679 3647 tus:
1715 3612 1813 3650 nec
1836 3595 2113 3647 admodum
2144 3592 2409 3644 dissimilis
2430 3592 2634 3655 Vespa-

1562 3674 1753 3738 sianus,
1775 3675 1818 3724 si
1835 3674 2167 3723 severitatem
2184 3678 2242 3721 et
2259 3670 2631 3736 parcimoniam

1564 3760 1790 3814 spectes,
1814 3750 1910 3799 nisi
1931 3748 2068 3815 quod
2089 3748 2319 3812 ingenio,
2346 3744 2479 3808 fato,
2500 3753 2557 3797 et
2573 3745 2634 3797 fl.

1560 3827 1645 3877 liis
1666 3826 1887 3876 validior
1904 3824 2023 3881 fuit.

1626 3909 1652 3937 ⁸
1690 3902 1896 3966 Verona]
1950 3902 2087 3953 Urbs
2111 3903 2521 3953 Cenomanorum
2546 3914 2635 3964 po-

1563 3980 1820 4044 pulorum,
1855 3980 1917 4029 iu·
1941 3979 2165 4029 Venetia
2197 3979 2441 4066 regione:
2475 3977 2632 4027 hodie

1572 4057 1771 4122 Verane,
1791 4057 1913 4108 urbs
1932 4056 2249 4107 Veronensis
2271 4056 2397 4121 agri,
2417 4056 2469 4106 in
2485 4061 2632 4107 statu

1563 4135 1786 4185 Veneto.
1820 4136 2065 4185 Tillemon.

1629 4209 1658 4244 b
1709 4211 1820 4268 Qua
1857 4210 2203 4276 prevalebunt]
2262 4164 2634 4261 Prnvaleban‘t

1565 4304 1756 4356 nempe
1777 4289 2035 4358 equitatu,
2050 4295 2112 4342 ut
2131 4288 2221 4357 qui
2240 4286 2506 4342 sexdecim
2523 4287 2633 4338 alas
