3050 4917
352 396 412 450 J.
429 397 493 466 c.
514 395 624 461 m]
1007 381 1557 439 *ms'ronun'uu
1603 389 1750 471 nm.
1798 389 1898 438 ιν.
2381 370 2563 454 3139

353 545 521 605 sent.
637 537 936 603 Primum
982 536 1218 600 illum¹¹
1270 536 1743 620 stipendiorum
1802 540 1867 599 et
1925 536 2316 620 sacramenti
2373 535 2577 603 diem·

351 642 701 707 haberent:
767 640 1057 725 priorum
1075 639 1451 707 facinorum
1488 645 1707 724 neque
1735 638 2205 723 Imperatorem
2236 660 2450 725 neque
2479 659 2553 708 se
2623 668 2625 671 ⁴

353 741 775 833 meminisse?
859 742 1052 805 Tunc
1080 743 1334 825 recepti
1375 743 1444 808 iu
1470 742 1705 806 eadem
1749 749 1990 821 castra,
2021 749 2089 807 et
2115 742 2407 808 edictum
2434 759 2569 828 per:

353 846 752 930 manipulos,
797 846 1069 929 nequis
1118 846 1184 909 in
1235 846 1624 910 certamine¹¹
1662 846 1969 930 jurgiove
2017 833 2411 911 seditionem
2437 851 2556 911 aut
2605 850 2611 856 ’

355 948 612 1014 cladem
642 949 1069 1040 commilitoni
1097 949 1479 1033 objectaret.

439 1052 548 1118 ¹73.
596 1051 767 1116 Mox
795 1051 1121 1117 Treveros
1139 1070 1243 1116 xac
1294 1051 1650 1134 LingoneS,
1700 1052 1788 1117 ad
1831 1054 2217 1120 concionem
2245 1057 2552 1131 vocatoS,

349 1154 447 1220 ita
491 1155 883 1239 alloquitur:
939 1160 962 1190 ‘
994 1154 1233 1240 Neque
1275 1176 1397 1239 ego
1444 1175 1739 1239 unquam
1792 1157 2174 1221 facundiam
2223 1156 2539 1237 exercui.;

353 1262 422 1322 et
473 1257 722 1342 Populi
774 1256 1061 1323 Romani
1099 1259 1432 1324 virtutem⁰
1473 1260 1682 1323 armis
1740 1259 2078 1323 affirmavi.
2170 1257 2326 1335 Sed,
2363 1258 2548 1340 quia¹

356 1360 543 1444 apud
585 1380 714 1426 vos
757 1361 963 1427 verba
1007 1361 1363 1444 plurimum
1405 1361 1655 1439 valent,
1701 1364 2011 1447 bonaque
2059 1367 2173 1425 ac²1
2210 1362 2388 1426 mala
2416 1377 2555 1425 non

358 1481 486 1528 sua
507 1468 762 1542 natura,
793 1464 911 1527 sed
954 1463 1237 1528 vocibus
1273 1461 1758 1544 seditiosorum,
1801 1466 2214 1531 {estimantur
2237 1473 2311 1545 ς’Ν
2346 1463 2553 1530 statui

350 1584 573 1649 pauca
600 1565 939 1642 disserere,
968 1584 1145 1649 quae,
1178 1566 1528 1650 profligato
1569 1569 1769 1648 bello,
1808 1569 2034 1633 utilius
2075 1569 2166 1634 sit
2214 1569 2409 1634 vobis
2438 1577 2561 1638 aue

354 1666 557 1747 disse,
591 1687 788 1752 quam
815 1670 1011 1733 nobis
1051 1670 1324 1745 dixisse.
1412 1670 1700 1740 Terram‘
1715 1678 2024 1752 vestram,
2055 1678 2555 1754 ceterorumque

353 1770 721 1850 Gallorum,
774 1771 1051 1856 ingressi
1109 1778 1260 1839 sunt
1306 1773 1537 1840 Duces
1592 1774 2168 1861 Imperatoresque
2226 1772 2545 1862 Romani,

348 1944 435 1997 vel
476 1944 594 1996 dolo
623 1946 845 1996 hostium
885 1946 1244 2011 contigissent.
1310 1948 1543 1998 Primum
1580 1947 1727 1998 illum
1762 1947 1960 1999 militiae
1998 1955 2054 1998 et
2077 1945 2383 1998 sacramenti
2418 1945 2556 1997 diem

289 2012 298 2019 “
350 2027 450 2070 esse
472 2011 859 2077 intelligerent:
894 2027 1071 2062 eorum
1103 2024 1218 2077 quae
1254 2021 1374 2063 ante
1398 2019 1516 2063 acta
1550 2020 1743 2074 essent,
1770 2028 1939 2078 neque
1962 2029 2035 2074 se,
2071 2027 2242 2078 neque
2269 2011 2556 2076 principem

353 2075 632 2140 recordari.
704 2079 837 2128 Tunc
857 2078 1053 2127 admissi
1069 2078 1261 2128 suntin
1283 2081 1443 2129 eudem
1462 2083 1638 2139 castra,
1659 2084 1705 2127 et
1726 2078 2008 2143 imperatum
2046 2080 2197 2127 edicto
2215 2093 2302 2142 per
2320 2077 2571 2128 centur-im

352 2147 400 2191 et
420 2141 647 2259 colli‘ortes,
663 2158 722 2192 ne
760 2144 864 2207 quis
885 2145 937 2193 in
968 2143 1262 2193 contentione
1282 2149 1366 2194 aut
1383 2144 1496 2194 rixa
1522 2143 1831 2208 exprobraret
1850 2142 2261 2194 contubernalibus
2275 2141 2558 2192 discordiam

347 2212 478 2257 autc
525 2210 646 2258 dem.

367 2289 368 2292 ¹
412 2272 543 2322 Dein
568 2273 793 2323 Treveros
812 2278 860 2322 et
901 2272 1147 2335 Lingonas
1165 2272 1219 2323 in
1240 2277 1409 2323 coetum
1438 2278 1626 2326 vocatos
1657 2273 1729 2323 sie
1758 2273 1972 2339 affatur.-
2027 2273 2308 2339 Nunquam
2331 2288 2427 2337 ego
2451 2274 2557 2322 elo-

352 2338 583 2401 quentiae
618 2353 830 2404 operam
852 2337 1010 2399 dedi3
1059 2345 1115 2389 et
1150 2340 1328 2404 populi
1368 2338 1519 2390 Rom.
1560 2336 1921 2389 fortitudinem
1961 2338 2114 2388 armis
2155 2340 2370 2390 asserui.
2434 2338 2539 2388 Sed

351 2401 475 2466 quia
507 2402 643 2466 apud
681 2419 771 2453 vos
792 2404 1016 2453 maxime
1037 2404 1235 2467 pollent
1257 2404 1552 2467 conciones,
1575 2410 1631 2454 et
1653 2405 1787 2454 bona
1820 2420 1880 2454 ac
1915 2406 2044 2453 mala
2078 2418 2177 2453 non
2214 2418 2269 2454 se
2293 2404 2439 2468 ipsis,
2462 2373 2559 2452 sed

350 2466 524 2517 verbis
546 2468 887 2533 turbidorum,
924 2469 1318 2533 perpenduntur
1353 2485 1386 2519 a
1426 2469 1845 2535 probanturque;
1895 2468 2102 2519 decrevi
2135 2470 2378 2518 nonnulla
2399 2483 2560 2532 expo-

348 2544 496 2593 nere,
531 2546 666 2599 quae,
687 2532 928 2583 confecto
951 2534 1106 2595 bello,
1127 2535 1288 2600 magis
1317 2549 1382 2584 vo
1422 2537 1464 2584 is
1502 2535 1750 2597 expediat
1788 2534 2068 2599 accepisse,
2105 2548 2256 2599 quam
2280 2533 2422 2583 nobis
2443 2547 2558 2597 pro-

350 2595 550 2648 tulisse.
615 2600 794 2649 Duces
815 2599 1256 2666 imperatoresque
1281 2600 1428 2650 Rom.
1456 2614 1647 2656 venere
1676 2600 1732 2650 in
1765 2598 2031 2665 regionem
2065 2606 2310 2660 vestram,
2339 2606 2397 2649 et
2433 2597 2556 2650 alio·

1276 2736 1364 2757 ‘00
1369 2735 1636 2757 eoeeeeeu
1678 2759 1683 2762 ,

350 2835 603 2898 tedanus,
637 2838 1004 2889 decumum—ll
1038 2836 1127 2887 Sic
1161 2836 1297 2887 bene
1335 2838 1468 2887 Mss.
1505 2836 1638 2900 Reg.
1677 2835 1832 2886 Corb.
1871 2835 2049 2887 Guelf.
2088 2835 2252 2887 editio
2297 2834 2558 2900 princeps,

292 2924 302 2930 ·
349 2900 632 2958 Rhenanus,
670 2908 726 2953 et
761 2903 1092 2953 recentiores.
1158 2902 1275 2953 Nec
1310 2902 1512 2952 variant
1554 2903 1685 2952 Mss.
1729 2901 1877 2952 Harl.
1901 2902 2055 2953 Bodl.
2094 2902 2209 2954 des·
2235 2901 2555 2968 Puteolanus

350 2971 544 3027 tamen,
571 2966 773 3020 illorum.
839 2967 1068 3018 Brotierss
2533 2969 2551 2982 ⁵·

415 3035 444 3080 l
480 3033 741 3098 corrupte
777 3032 940 3083 editio
983 3031 1247 3098 princeps,
1276 3047 1393 3097 quoe.
1460 3032 1569 3082 Ms.
1604 3031 1761 3085 corb.
1805 3032 2037 3097 quoniam.
2089 3030 2415 3082 Brotier.——2
2447 3030 2554 3083 Ms.

1336 3159 1553 3238 No'rAE'

346 3290 619 3343 Dietitans
639 3290 750 3352 fato
766 3309 828 3344 ea
848 3309 964 3347 esse
981 3300 1117 3360 acta,
1141 3311 1258 3361 quae
1279 3296 1413 3347 mili·
1493 3295 1729 3363 intellige
1746 3284 1976 3362 jurgium
2012 3304 2070 3346 et
2106 3296 2290 3357 rixam,
2313 3307 2405 3344 seu
2434 3307 2558 3343 con·

350 3375 462 3419 tum
487 3376 660 3420 tamen
697 3370 988 3438 ducumque
1028 3373 1305 3437 discordia,
1327 3374 1412 3426 vel
1493 3373 1803 3436 tentionem,
1831 3371 1978 3430 forte
2015 3369 2173 3423 etiam
2208 3374 2345 3422 inter
2372 3370 2557 3435 luden-

348 3445 535 3496 fraude
568 3446 787 3497 hostium
820 3463 1009 3503 revera
1035 3449 1176 3501 facta
1198 3457 1407 3502 essent:
1489 3450 1612 3500 dum
1636 3457 1823 3514 ortam,
1839 3459 1895 3501 et
1913 3451 2049 3501 inter
2056 3451 2204 3514 jocos
2222 3465 2312 3499 seu
2334 3447 2555 3499 facetias

346 3524 433 3573 vel
477 3524 587 3584 sic;
641 3524 910 3576 Dictitans
966 3525 1076 3578 fato
1139 3537 1281 3591 acta,
1324 3530 1410 3582 vel
1489 3525 1768 3577 militares:
1802 3528 1919 3578 hinc
1944 3527 2079 3577 enim
2094 3526 2263 3589 magni
2286 3538 2424 3587 saepe
2447 3537 2558 3574 mo·

346 3598 530 3649 ftaude
552 3599 795 3664 hostium,
816 3615 929 3666 qum
953 3603 1177 3654 militum
1192 3604 1409 3656 ducum·
1490 3607 1593 3663 tus,
1616 3602 1908 3667 discordiae,
1935 3610 1997 3654 et
2033 3603 2207 3654 caedes
2245 3601 2480 3651 oriuntur
2502 3599 2557 3652 in

345 3691 456 3741 que
490 3676 749 3728 discordia
789 3677 1095 3731 evenissent.
1160 3682 1263 3732 Sed
1306 3682 1410 3746 pri·
1489 3680 1692 3741 castris,
1728 3688 1788 3730 ut
1823 3695 1978 3744 snpra
1997 3681 2092 3730 sub
2114 3680 2329 3730 Vitellio
2360 3677 2556 3734 evenit.

345 3767 463 3803 mus
494 3767 672 3803 sensus
702 3755 865 3820 magis
884 3754 950 3804 ‘ad
982 3756 1145 3806 verba
1160 3762 1410 3808 mentem·
1556 3763 1581 3790 ⁰
1612 3756 1785 3821 Populi
1816 3755 2025 3808 Romani
2056 3753 2302 3817 virtatem]
2353 3753 2417 3804 Id
2454 3767 2558 3806 ann·

348 3843 452 3894 que
475 3828 650 3878 Taciti
672 3843 783 3880 esse
805 3830 1037 3882 videtur.
1375 3869 1384 3886 2
1490 3830 1645 3896 bigne
1670 3832 1924 3895 scriptum
1960 3831 2198 3891 videtur3
2250 3832 2395 3896 quasi
2421 3829 2557 3882 dice-

415 3906 541 3957 Fato
559 3910 667 3956 actu
685 3906 935 3974 dictitans]
988 3908 1076 3959 Sic
1098 3907 1237 3960 Anu.
1258 3907 1349 3959 lib.
1368 3922 1408 3959 1.
1491 3915 1594 3972 ret,
1636 3908 1998 3974 Eloquentiam
2039 3922 2143 3958 non
2184 3907 2413 3969 exercui,
2456 3920 2555 3960 nec

344 3988 430 4036 39.
492 3984 832 4038 Germanicus
860 3988 876 4013 ‘
902 3983 1117 4038 fatalem
1137 3986 1411 4051 increpans
1490 3986 1639 4050 pacis
1670 3990 1844 4047 arten
1876 3985 1967 4035 sed
1998 3985 2248 4035 virtutem
2273 3985 2557 4035 Romanam

345 4060 567 4123 rabiem,
608 4074 777 4126 neque
818 4061 1058 4126 militum,
1101 4060 1195 4112 sed
1238 4063 1411 4114 Deum
1489 4061 1544 4111 in
1566 4061 1717 4111 annis
1752 4062 1930 4126 posui:
1980 4063 2084 4125 vel,
2115 4062 2226 4125 Ego
2260 4058 2557 4120 facundiam

342 4138 425 4187 ira
445 4135 757 4201 resurgere‚’
781 4140 890 4187 &c.‘
1291 4161 1297 4171 ·
1375 4183 1382 4192 .
1490 4153 1595 4188 non
1619 4138 1814 4200 didici-3
1849 4145 1906 4189 at
1941 4138 2122 4204 populi
2151 4137 2370 4196 Romani
2392 4136 2555 4190 virm·

359 4248 368 4254 ι
410 4220 437 4248 ¹¹
471 4214 551 4281 Nc
571 4216 676 4277 φάε
694 4213 748 4261 in
768 4211 1049 4277 momine]
1083 4212 1272 4290 Habes*
1290 4215 1413 4281 quid
1493 4221 1601 4266 tem
1625 4214 1740 4280 ipse
1762 4214 1918 4268 armis
1940 4213 2167 4279 exhibui,
2191 4213 2469 4265 celebravi.
2522 4251 2527 4257 .

346 4290 513 4342 simile
556 4290 693 4360 apud
726 4290 951 4358 Livium.
1016 4291 1419 4368 Percontatum,
1656 4333 1663 4340 ,
1820 4320 1847 4342 κ
