3050 4917
969 425 1505 492 martianinum
1555 435 1706 494 ma}
1746 434 1819 495 vz
2377 417 2555 502 {3205

343 586 416 654 in
438 585 736 654 'metum2
786 577 1158 654 trahebant:
1225 582 1528 674 pluribus
1577 587 1923 675 persuasio
1968 583 2201 673 iuerat,
2250 587 2547 680 antiquis

345 689 786 757 sacerdotum
844 683 1071 755 literis‘
1125 695 1470 773 contineri,
1523 693 1611 758 eo'
1667 694 1819 779 ipso
1891 701 2186 781 tempore
2242 696 2403 777 fore,
2477 691 2551 765 ut

340 792 715 860 valesceret
735 792 998 870 OrienS,
1026 789 1435 880 profectique
1459 795 1704 862 Judaea
1728 818 1939 884 rerum
1970 801 2362 883 potirenture
2395 795 2549 885 ¹quae

343 896 662 980 ambages
691 895 1186 982 Vespasianum
1233 917 1315 962 ac
1362 895 1591 963 Titum
1643 899 2131 982 praedixerant.³
2221 901 2357 966 Sed
2404 902 2550 968 vul-

344 981 710 1103 gus,Qre
731 998 1060 1088 ahumauae
1091 999 1481 1098 ᾳυρὶᾲξηξξξ
1527 1002 1658 1068 sibi
1699 1006 1952 1067 tantam
1978 1002 2264 1069 fatorum
2291 1005 2548 1089 magni-

339 406 636 511 aare]
645 401 676 448 ¹·

342 1180 662 1245 accipiebant.-
691 1182 905 1246 plaribus
921 1182 1077 1233 indita
1097 1186 1201 1232 erat
1219 1181 1395 1246 opinio,
1416 1182 1613 1232 vetustis
1629 1182 1907 1233 antistitum
1915 1182 2052 1233 libris
2070 1182 2231 1233 haberi
2248 1185 2553 1252 predic-ique,

330 1243 557 1308 factunm
577 1261 633 1297 ea
654 1247 760 1311 ipsa
779 1252 1072 1311 tempestate,
1091 1252 1146 1297 stt
1162 1249 1458 1311 preponeret
1477 1249 1670 1310 Oriens,
1687 1250 2008 1313 venientesque
2029 1264 2090 1298 ex
2104 1249 2146 1297 J
2146 1251 2280 1299 udoea
2300 1249 2551 1314 imperium

338 1311 746 1378 adipiscerentur.-
790 1328 892 1376 quoe
932 1312 1271 1374 ambiguitates
1307 1312 1696 1378 &amaverant
1741 1313 2077 1377 Vespasianum
2113 1329 2169 1362 ae
2211 1314 2387 1366 mum.
2454 1314 2552 1367 Sea

339 1377 562 1441 populns,
580 1391 671 1441 pro
692 1391 818 1428 more
852 1377 1127 1427 ambitionis
1145 1378 1415 1428 mortalium
1433 1379 1608 1428 animis
1642 1376 1824 1443 insitoe,
1844 1384 2029 1429 tantam
2038 1376 2256 1439 sortanoe
2277 1380 2551 1445 amptitudi-

1272 1526 1300 1544 θ
1305 1525 1629 1548 ΟΟΟΙΟΙΝΟΝ
1686 1549 1691 1552 ,

349 1629 407 1675 et
426 1622 656 1674 editione
682 1622 935 1687 principe,
956 1603 1149 1688 aperte.
1186 1624 1288 1673 Ms.
1304 1624 1417 1675 Jes.
1438 1639 1671 1689 expansa.
1709 1624 2037 1675 Brotier.—2
2068 1627 2199 1675 Mss.
2221 1625 2371 1676 Harl.
2392 1619 2549 1676 Bodl-

344 1687 402 1738 in
418 1694 568 1740 metn-
631 1688 817 1740 Altera
841 1704 995 1739 mauu
1033 1690 1087 1738 in
1122 1689 1224 1739 Ms.
1249 1689 1400 1739 Harl.
1442 1689 1791 1751 emendatum,
1812 1694 2099 1741 nietam—s
2134 1690 2221 1741 Ita
2240 1690 2396 1755 vulgo
2420 1690 2552 1746 Mss.

344 1754 666 1804 Puteolanus
687 1759 744 1804 et
761 1769 935 1804 omnes
956 1754 1073 1805 libri
1097 1761 1279 1817 postea
1302 1754 1444 1806 editi.
1510 1755 1575 1804 In
1600 1756 1729 1805 Mss.
1764 1756 1904 1806 Flor.
1941 1757 2072 1821 Reg.
2103 1763 2158 1805 et
2186 1754 2291 1805 Ed.
2326 1761 2554 1819 pr.'proe·
2630 1742 2639 1750 ⁸

344 1819 568 1871 dixerat.-
602 1820 742 1886 quod
779 1819 1036 1894 approbat
1069 1820 1185 1872 Jac.
1217 1820 1451 1872 Gronov.
1515 1819 1594 1870 At
1613 1820 1774 1884 magis
1807 1821 1984 1884 placet
2009 1820 2370 1886 proedixerant5
2403 1827 2460 1871 et
2481 1834 2550 1870 ex

1339 1986 1558 2038 NOTAE

348 2114 539 2170 efferre
571 2134 724 2173 ausus
761 2126 859 2174 est.
924 2120 1009 2173 An
1031 2120 1169 2189 quod
1204 2120 1412 2171 Latino-

346 2209 463 2245 rum
483 2196 688 2263 quidam
703 2201 1043 2251 monumentis
1065 2198 1413 2264 tradiderunt,

348 2273 680 2325 evocationes
699 2276 945 2342 quasdam
965 2290 1028 2327 ac
1052 2277 1285 2327 Deorum
1321 2290 1409 2325 ve-

329 2343 539 2406 ‚neficia
569 2368 681 2406 esse
715 2362 1048 2419 putaverunt,
1080 2353 1262 2420 quibus
1288 2369 1411 2420 quo·

349 2426 490 2498 niam
522 2430 619 2494 ipsi
648 2432 873 2481 hostium
910 2432 1055 2481 Deos
1094 2443 1316 2480 evocare
1356 2435 1413 2479 et

352 2503 419 2552 ad
465 2517 523 2554 se
566 2505 842 2556 traducere
894 2504 1303 2566 consuevissent,
1344 2519 1412 2553 ne

346 2576 486 2629 idem
505 2580 605 2645 ipsi
638 2588 961 2647 paterentur,
991 2595 1305 2652 magnopere
1326 2595 1413 2630 ve-

351 2655 638 2707 rebantur?
671 2659 1115 2718 Quemadmodum
1135 2658 1295 2721 igitur
1314 2658 1414 2722 Ty·

351 2733 420 2783 rii
443 2734 647 2786 vincula
684 2738 869 2787 statuis
898 2736 1153 2802 injiciunt,
1173 2735 1263 2786 alii
1295 2749 1416 2786 vero

267 2861 275 2870 ,
343 2824 625 2880 sponsores
663 2820 847 2876 petere
880 2812 1141 2877 dicuntur,
1181 2812 1224 2862 si
1264 2828 1417 2878 quem

351 2887 590 2942 Deorum
610 2887 675 2938 ad
709 2889 992 2951 lavacrum,
1026 2895 1116 2939 aut
1152 2888 1417 2954 purgatio·

351 2975 473 3015 nem
491 2963 719 3029 aliquam
739 2964 1031 3015 deducunt:
1068 2964 1142 3015 sic
1178 2964 1417 3029 Romani,

353 3039 494 3106 quod
538 3054 785 3091 arcanum
829 3046 886 3110 et
925 3041 1241 3108 incognitum
1281 3051 1420 3092 esset

353 3116 462 3167 Dei
505 3131 714 3180 nomen,
755 3116 1098 3168 firmissimam
1131 3133 1193 3169 ac
1225 3118 1419 3173 tutissi-

353 3206 490 3244 mam
532 3194 638 3243 Dei
685 3193 974 3244 custodiam
1023 3192 1143 3245 'esse
1186 3194 1420 3256 credide-

355 3279 494 3323 runt,
525 3270 612 3322 An
630 3272 765 3323 sicut
781 3270 1039 3324 Homerus
1053 3273 1206 3324 fiuxit
1223 3290 1236 3324 ε
1261 3275 1420 3323 Terra

355 3362 481 3399 vero
504 3350 783 3400 communis
812 3358 893 3402 est
923 3350 1204 3412 hominum,
1236 3358 1296 3402 ut
1333 3352 1421 3401 bo·

356 3425 523 3477 mines
563 3429 707 3477 Deos
749 3442 925 3482 omnes
968 3428 1145 3480 colant
1181 3444 1243 3479 ac
1266 3443 1417 3479 vene-

356 3509 560 3567 rentur,
611 3509 805 3553 terram
839 3506 1185 3555 communiter
1225 3504 1419 3556 haben-

357 3585 471 3630 tes:
507 3579 582 3630 sie
611 3586 815 3631 veteres
839 3581 1058 3631 Romani
1079 3582 1252 3631 Deum
1289 3582 1420 3631 salu-

359 3657 428 3707 tis
474 3664 737 3707 auctorem
777 3658 1098 3718 celaverunt,
1139 3657 1279 3722 quod
1321 3672 1421 3708 non

355 3747 480 3788 ,eum
498 3734 679 3797 solum,
714 3733 808 3784 sed
849 3748 1025 3784 omnes
1068 3734 1215 3783 Deos
1252 3750 1285 3785 a
1317 3733 1424 3786 suis‘

359 3810 658 3861 civitatibus
678 3810 920 3859 honorari
941 3809 1219 3859 voluerunt
1232 3809 1271 3857 ?’

426 3888 671 3938 Excedere
692 3888 842 3951 Deos]
863 3888 1114 3952 Hegesip.
1132 3902 1187 3938 v.
1209 3892 1290 3939 44.
1321 3890 1337 3918 ‘
1361 3889 1427 3940 Iu

337 3964 478 4029 ¹ipsa
518 3972 688 4015 autem
736 3967 1077 4016 Pentecoste-s
1117 3965 1428 4017 solennitate

361 4041 717 4105 ingredientes
749 4041 1047 4092 sacerdotes
1077 4041 1129 4090 in
1149 4043 1332 4107 templi
1354 4043 1430 4092 in-

358 4116 844 4175 terioranocturno
885 4126 1139 4183 tempore,
1176 4126 1236 4169 ut
1275 4109 1430 4170 sacri-⁴

360 4191 486 4252 ficia
518 4200 725 4244 assueta
747 4194 1093 4259 celebrarent,
1114 4194 1280 4259 primo
1323 4210 1429 4247 mo·

351 4276 477 4322 xum
519 4271 779 4337 quendam
815 4272 1038 4323 sensisse
1092 4285 1148 4320 se
1185 4271 1424 4335 prodide-

362 4351 508 4413 runt,
519 4352 582 4401 et
601 4361 782 4399 mum
799 4339 1051 4411 auditum,
1066 4352 1251 4413 postea
1265 4348 1426 4400 etium

1494 2121 1699 2172 audisse
1752 2118 2030 2184 repentina
2075 2131 2207 2169 voce
2260 2115 2557 2181 clamatum,

1490 2202 1837 2252 Transeamus
1858 2194 2014 2247 hinc.'
2092 2247 2099 2251 ,
2294 2231 2301 2238 .

1555 2280 1573 2312 ῑ
1616 2276 1839 2341 Antiqnis
1875 2274 2181 2330 Sacerdotem
2231 2269 2410 2335 literis]
2471 2269 2559 2322 Sic

1493 2354 1746 2420 Hegesip.
1761 2368 1816 2403 v.
1834 2357 1916 2401 44.
1940 2351 1956 2379 ‘
1980 2350 2129 2400 Inter
2146 2364 2263 2415 quae
2280 2348 2408 2398 illud
2421 2362 2558 2413 prae·

1490 2434 1933 2496 cellentissimum,
1963 2429 2101 2495 quod
2132 2429 2187 2478 in
2219 2428 2384 2477 literis
2407 2442 2559 2492 aeque

1490 2512 1729 2576 vetustis,
1749 2524 1875 2575 quas
1898 2521 2069 2558 sacras
2089 2504 2369 2565 vocabant,
2389 2517 2563 2553 mane-

1491 2588 1586 2654 bat
1618 2589 1943 2653 impressum,
1963 2582 2100 2651 quod
2125 2582 2406 2632 secuudum
2428 2580 2560 2630 illud

1495 2671 1700 2729 tempus
1734 2662 1940 2713 futurus
1972 2665 2111 2710 esset
2140 2659 2236 2722 vir,
2258 2653 2346 2723 uui
2378 2657 2444 2707 de
2477 2672 2560 2708 re·

1497 2742 1649 2807 gioue
1681 2754 1857 2791 eorum
1892 2737 2164 2803 imperium
2194 2739 2477 2785 assumeret
2508 2734 2562 2783 in

1498 2813 1679 2869 orbem
1723 2823 1992 2868 terrarum.
2076 2814 2206 2865 Quae
2247 2826 2330 2861 res
2374 2825 2464 2862 eos
2504 2810 2562 2860 in

1498 2899 1647 2945 tanto
1683 2891 1854 2943 furore
1892 2889 2088 2956 posuit,
2117 2894 2176 2939 ut
2204 2887 2304 2938 sibi
2342 2901 2445 2937 nou
2482 2902 2562 2937 so·

1497 2970 1601 3020 lum
1641 2968 1958 3031 libertatem,
2007 2964 2100 3014 sed
2142 2962 2298 3014 etiam
2343 2976 2562 3027 regnum

1497 3044 1906 3113 pollicerentur?
2234 3093 2237 3098 ,
2572 3082 2576 3085 ⁴

1562 3125 1650 3175 Sic
1672 3123 1843 3174 omnia
1861 3124 1976 3172 loca
1993 3126 2104 3171 tum
2134 3116 2384 3183 temporis
2406 3118 2565 3182 plena

1497 3199 1609 3252 fere
1623 3199 2053 3266 superstitionum
2069 3203 2124 3247 et
2139 3194 2400 3248 vanitatis.
2424 3194 2566 3244 Nam

1499 3278 1681 3327 eodem
1707 3285 1940 3341 tempore
1961 3274 2176 3324 Druidae
2200 3272 2484 3335 Gallorum,
2508 3275 2567 3322 et

1497 3353 1731 3405 fatidicae
1755 3352 1979 3417 virgines
1997 3350 2389 3409 Germanorum,
2404 3347 2565 3398 etiam

1497 3439 1553 3482 et
1575 3431 1940 3494 Hispanorum,
1965 3427 2062 3478 sibi
2087 3424 2466 3491 pollicebantur
2487 3423 2565 3473 in·-

1499 3507 1665 3559 vicem
1701 3506 2007 3569 imperiumz
2041 3502 2182 3569 quod
2224 3509 2369 3552 certe
2402 3499 2569 3564 contiq
2646 3491 2653 3496 ’

1500 3584 1597 3649 git,
1621 3582 1711 3636 sed
1734 3583 1885 3636 aliter
1908 3595 2060 3646 quam
2083 3594 2178 3645 pro
2199 3593 2293 3643 spe
2325 3577 2565 3642 votisque

1502 3659 1752 3726 gentium,
1785 3664 1841 3707 et
1874 3658 1940 3706 ad
1977 3658 2135 3707 breve
2175 3663 2399 3728 tempus,
2420 3654 2569 3719 quasi

1502 3746 1566 3789 ut
1607 3736 1966 3797 illuderentur,
2009 3733 2233 3798 Hispani
2277 3733 2330 3782 in
2377 3730 2572 3797 Galba,

1503 3814 1645 3865 Galli
1682 3819 1739 3862 et
1778 3810 2025 3861 Germani
2058 3810 2109 3858 in
2135 3809 2311 3871 Civili,
2337 3806 2475 3858 forte
2509 3814 2568 3858 et

1505 3892 1661 3941 etiam
1698 3890 1753 3939 in
1778 3887 2007 3951 Vitellio,
2041 3887 2125 3936 cui
2167 3887 2325 3936 etiam
2364 3885 2570 3950 Druida

1505 3968 1711 4020 foemina
1743 3966 2061 4032 praedixerat
2099 3964 2391 4028 imperium,
2430 3968 2573 4032 teste

1506 4044 1782 4094 Suetonio:
1820 4041 1958 4107 quod
1999 4038 2238 4104 genubus
2263 4055 2322 4090 ac
2353 4040 2568 4091 ducibus

1508 4120 1670 4170 exitio
1692 4118 1812 4184 fuit,
1835 4117 1988 4183 paulo
2009 4116 2175 4167 minus
2204 4123 2380 4167 tamen
2413 4130 2569 4183 quam

1504 4196 1726 4248 Judaeis.
2421 4233 2427 4239 .
2564 4197 2569 4204 “

1525 4313 1537 4320 ,
1570 4279 1595 4305 ¹¹
1630 4274 1768 4324 More
1803 4273 2018 4323 humana
2060 4272 2318 4338 cupidinis]
2360 4272 2425 4322 Id
2467 4277 2569 4337 est,

1501 4361 1567 4401 ex
1600 4354 1788 4401 natura
1819 4363 1912 4401 seu
1942 4350 2153 4416 ingenio
2182 4349 2460 4415 bominum,
2479 4350 2571 4417 qul
