3050 4917
476 384 658 467 filim
1164 401 1233 451 c.
1276 398 1643 455 connum:
1690 400 1944 449 ‘rAcrrr
2370 404 2556 471 μω,
2573 400 2691 458 sn.

490 545 729 624 lorum,
760 565 911 630 quoe
959 549 1057 610 tot
1101 545 1289 615 annis
1336 545 1662 631 perpessi,
1716 545 2040 611 miseram-
2084 548 2474 614 servitutem
2513 548 2706 615 falso

468 668 725 735 ,pacem
757 654 1113 731 vocarent.¹
1177 634 1501 729 BatavoS,
1529 658 1914 735 quanquam
1942 638 2330 717 tributorum
2360 655 2692 737 expetet&

494 771 676 817 arma
706 759 1344 829 contra-communes
1383 752 1688 817 dominos
1718 754 2013 837 cepisse:
2059 752 2274 837 prima
2300 757 2446 819 acie
2473 755 2698 826 fusum

482 855 869 939 ‚victumque
889 855 1267 920 Romanum
1286 877 1303 921 :
1322 855 1540 939 *quid'l
1567 857 1630 920 si
1649 854 1895 920 Galliae
1907 855 2149 939 jugum
2166 860 2456 922 exuant'l
2486 874 2697 941 qnan-

493 963 634 1024 tum
663 960 732 1022 in
767 958 963 1022 ltalia
993 959 1359 1043 reliquum'l
1404 960 1895 1043 provinciarum
1948 963 2264 1041 sang-'uine
2311 962 2698 1046 provincias

496 1062 711 1127 vinci:
756 1081 838 1125 ne
869 1061 1173 1125 Vindicis
1203 1063 1415 1125 aciem
1444 1063 1836 1144 cogitarent:
1912 1062 2172 1128 Batavo
2199 1066 2424 1148 equite
2459 1064 2700 1149 protri-

495 1171 603 1231 tos
633 1164 894 1235 AEduos
912 1161 1379 1247 Arvemosque
1405 1159 1458 1223 :l
1496 1163 1709 1228 fuisse
1735 1165 1906 1229 inter<
1922 1163 2227 1246 Verginii
2252 1166 2517 1231 auxilia
2544 1167 2701 1231 Bel-

499 1286 658 1350 gas:
703 1286 986 1351 vereque
1004 1312 1011 1317 -
1032 1268 1513 1350 reputantibuS,
1543 1266 1835 1333 Galliam
1875 1266 2149 1333 suismet
2177 1269 2432 1334 viribus
2479 1270 2704 1335 conei-

494 1364 700 1439 ‘disse.
775 1369 978 1443 Nunc
1007 1368 1276 1458 easdem
1308 1370 1604 1443 omnium
1633 1376 1922 1455 parteS,¹¹¹
1940 1372 2190 1452 addito,
2210 1375 2270 1437 si
2300 1370 2505 1457 quid¹⁸
2534 1373 2707 1439 mili-

500 1472 667 1547 taris
695 1471 1067 1557 disciplinae
1089 1474 1158 1538 in
1186 1474 1424 1539 castris
1448 1471 1908 1538 Romanorum
1923 1474 2246 1556 viguerit:
2292 1494 2444 1539 esse
2474 1494 2708 1541 secum

503 1580 850 1652 veteranas
891 1577 1212 1654 cohortes,
1264 1577 1519 1660 quibus
1534 1643 1538 1646 ,
1553 1597 1764 1660 nuper
1801 1576 2086 1642 Othonis
2133 1578 2440 1660 legiones,
2467 1598 2711 1662 procu-

504 1678 782 1759 buerint.
855 1678 1184 1745 Servirent
1204 1678 1400 1763 Syria
1416 1677 1719 1765 Asiaque
1728 1688 1768 1729 ⁰-
1782 1685 1847 1746 et
1865 1686 2100 1746 suetus·
2115 1680 2417 1766 Regibus
2435 1680 2717 1775 Oriens:

509 1928 614 1979 bile
632 1928 898 1979 servitium
922 1927 1051 1979 falso
1072 1930 1390 1993 appellarent
1415 1946 1615 1996 pacem.
1682 1933 1931 1996 BatavoS‚
1954 1932 2082 1983 licet
2105 1947 2136 1981 a
2157 1931 2498 1995 vectigalibus
2532 1928 2719 1980 immn-

505 2009 619 2060 nes,
667 2008 810 2043 arma
832 1995 1070 2045 sumsisse
1106 1994 1351 2049 adversus
1387 2012 1682 2048 communes
1719 2004 1983 2062 tyrannos.
2050 1998 2226 2048 Prima
2268 2011 2438 2060 pugna
2478 1994 2719 2060 fugatum

509 2057 942 2124 profligatumque
984 2061 1303 2112 Romanum:
1362 2062 1516 2126 quid?
1572 2064 1616 2112 si
1662 2063 1850 2114 Galliae
1895 2063 2081 2127 jugum
2137 2063 2436 2112 excutiant?
2491 2062 2617 2126 quid
2663 2062 2721 2109 in

510 2125 666 2175 Italia
703 2126 1008 2188 superesse?
1043 2127 1358 2189 populorum
1400 2141 1584 2177 cruore
1624 2127 2146 2192 populossuperari:
2198 2142 2265 2176 ne
2304 2127 2540 2176 Vindicis
2584 2141 2721 2190 prae,-

510 2191 639 2239 linm
683 2194 987 2253 reputarent
1032 2191 1231 2242 animis».
1294 2192 1610 2242 Batavorum
1652 2193 1888 2257 equitatu
1934 2195 2261 2257 proculcatos
2306 2192 2497 2243 AEduos
2521 2192 2721 2241 Arver-

513 2267 750 2318 nosque:
802 2255 1042 2304 extitisse
1097 2255 1235 2306 inter
1273 2257 1552 2307 auxiliares
1595 2257 1828 2321 Verginii
1871 2258 2097 2322 Belgas:
2164 2258 2405 2322 serioque
2441 2257 2724 2307 adverten-

515 2320 674 2381 tibus,
706 2319 925 2370 Galliam
965 2328 1167 2387 suomet
1205 2321 1392 2372 robure
1422 2327 1710 2386 prostratam
1751 2323 2023 2374 corruisse.
2090 2323 2245 2372 Nunc
2289 2322 2499 2372 easdem
2537 2329 2726 2386 partes

514 2384 741 2433 omnium
787 2386 1051 2450 Gallorum,
1092 2386 1365 2451 adjuncto,
1406 2389 1449 2437 si
1492 2388 1616 2453 quid
1655 2388 1865 2439 militari
1904 2404 1959 2438 se
1981 2388 2204 2438 veritate
2219 2393 2404 2438 retenta
2436 2387 2489 2436 in
2526 2388 2727 2439 castris

516 2450 760 2499 Romanis
783 2448 1048 2501 floruerit:
1085 2457 1222 2502 stare
1243 2468 1273 2504 a
1293 2468 1349 2503 se
1365 2459 1625 2503 vetustum
1649 2454 1880 2516 militem,
1899 2469 1929 2502 a
1944 2469 2045 2519 quo
2065 2467 2231 2518 nuper
2246 2454 2473 2516 legiones
2491 2453 2727 2513 Othonis

516 2512 807 2581 profligatae
831 2514 1043 2575 fuerint.
1109 2517 1144 2569 J
1149 2522 1313 2583 ugum‘
1326 2517 1562 2571 subirent
1582 2518 1748 2585 Syria,
1769 2517 2019 2585 Asiaque,
2042 2526 2098 2569 et
2121 2517 2328 2584 regibus
2351 2520 2579 2570 inservire
2603 2519 2727 2568 soli-

1505 2701 1727 2754 NOTAE

585 2863 596 2896 ¹
628 2864 810 2914 AEduos
841 2862 1188 2927 Art-ernosque]
1223 2864 1308 2914 Sic
1332 2865 1580 2931 loquitur,

520 2943 640 3010 quia
661 2943 748 2992 isti
769 2942 926 3005 Galli,
949 2949 1008 2991 ut
1032 2943 1300 3007 propiores
1319 2944 1582 3010 Romanis»,

521 3022 810 3086 opulentia,
848 3021 992 3081 luxu,
1031 3020 1249 3084 deliciis,
1271 3025 1581 3074 commercio

519 3097 765 3161 urbis„ac
800 3097 951 3160 longa
983 3112 1113 3160 pace
1137 3096 1291 3148 fracti
1312 3108 1369 3149 et
1389 3102 1582 3151 emolli-

519 3176 584 3236 ti,
621 3181 777 3238 atque
817 3173 916 3236 ipsi
954 3174 1145 3223 milites
1183 3176 1416 3226 Vindicis
1462 3191 1580 3242 pro·

521 3251 634 3301 triti
653 3249 859 3299 fuerant
896 3251 1131 3313 equitatu
1155 3253 1487 3315 Batavorum,
1525 3261 1583 3304 et

528 3327 732 3377 auxiliis
758 3327 1052 3386 Belgarum,
1077 3328 1158 3391 qui
1183 3328 1440 3388 fortissimi
1465 3332 1583 3380 Gab-

521 3408 687 3468 lomm‚
708 3413 765 3454 ut
786 3405 967 3454 scribit
991 3405 1182 3455 Caesar.

588 3483 758 3544 Belgoe
780 3482 917 3530 inter
934 3482 1133 3532 ¹auxilia
1155 3483 1412 3547 legionum
1435 3499 1584 3550 supe·

524 3563 672 3613 rim-is
724 3562 1036 3625 Germaniae,
1093 3563 1280 3626 quibus
1357 3571 1584 3627 praeerat

521 3639 818 3703 Verginius,
857 3646 913 3687 et
957 3638 1085 3688 vicit
1131 3640 1331 3703 Gallos,
1372 3639 1584 3692 immoto

523 3716 757 3785 exercitu
802 3715 1057 3765 inferioris
1103 3716 1432 3777 Germaniae3
1486 3732 1584 3767 nec

522 3791 661 3853 bello
708 3799 799 3841 ant
839 3794 1015 3856 praelio
1040 3793 1289 3842 adversus
1310 3792 1580 3842 Vindicem

523 3867 718 3919 affuere
738 3870 947 3931 Batavi,
970 3871 1057 3934 qui
1099 3869 1292 3918 auxilia
1322 3869 1583 3920 inferioris

524 3946 802 4005 exercitus.
837 3947 908 3995 Et
929 3946 1053 4010 ipsae
1075 3951 1196 3994 octo
1216 3946 1451 3995 cohortes
1473 3958 1580 3996 tuin

522 4023 585 4073 in
600 4021 891 4085 Britannia,
912 4030 1003 4072 aut
1021 4029 1167 4072 certe
1206 4025 1490 4073 transibant
1532 4026 1582 4074 in

523 4101 729 4152 Italiam
753 4107 985 4151 evocatae
1011 4114 1042 4147 a
1060 4101 1292 4150 Nerone.

580 4177 848 4241 ,Au-vernos]
903 4175 1146 4240 Arverni,
1167 4177 1344 4240 populi
1374 4179 1584 4242 Aquita·

522 4257 624 4306 niae
644 4256 854 4319 Primae,
874 4254 925 4303 in
951 4254 1140 4305 Gallia.
1199 4255 1373 4306 Hodie
1396 4257 1581 4308 dioece-

524 4348 607 4384 ses
639 4332 1044 4398 Episcopatuum
1070 4333 1310 4383 clermont
1346 4340 1404 4385 et
1440 4334 1585 4385 Scine

1660 2868 1810 2918 Floro·
1820 2883 1839 2927 ;
1854 2869 1953 2932 vel,
1969 2867 2252 2918 secundum
2271 2865 2570 2916 divisionem
2596 2868 2732 2914 tem-

1660 2948 1912 3009 poralem,
1935 2947 2099 2996 omnis
2142 2943 2416 3010 provincia
2452 2942 2734 3006 Aurei-gne,

1660 3028 1717 3072 et
1738 3038 1857 3088 pars
1876 3022 2160 3088 provinciae
2176 3020 2517 3080 Bourbomwis,
2537 3019 2590 3069 in
2615 3033 2738 3083 reg-

1659 3114 1726 3149 no
1752 3100 1987 3149 Franciae
2013 3114 2191 3149 versus
2216 3098 2445 3148 medium
2480 3101 2538 3149 et
2570 3097 2735 3146 meri-

1661 3176 1815 3227 diem.
1851 3176 2170 3226 Tillemonius.

1725 3260 1763 3286 ¹¹²
1796 3254 2157 3304 Num-‘eosdem
2192 3251 2395 3301 omnium
2424 3249 2609 3314 paries]
2642 3249 2741 3300 In-

1661 3329 1794 3393 nuit,
1808 3331 1918 3394 jam
1942 3345 2042 3395 non
2081 3344 2198 3380 esse
2220 3328 2411 3377 divisos
2434 3327 2632 3390 Gallos,
2666 3334 2740 3378 ut

1664 3416 1900 3471 tempore
1935 3406 2192 3456 Vindicis.
2214 3404 2512 3466 et·Galbae,
2546 3400 2639 3453 sed
2674 3405 2740 3454 in

1660 3483 1845 3534 iisdem
1883 3485 2118 3547 partibus
2160 3498 2275 3533 esse
2304 3483 2515 3544 AEduos,
2537 3481 2742 3530 Arver-
2821 3502 2826 3507 ·

1661 3576 1775 3624 nos,
1801 3563 2047 3623 Batavos,
2073 3562 2284 3625 Belgas,
2304 3565 2360 3609 et
2396 3573 2574 3608 omnes
2620 3558 2741 3607 nni-

1663 3637 1852 3693 versim
1875 3638 2075 3688 Gallias
2093 3652 2344 3686 consensu
2368 3634 2577 3686 easdem
2594 3636 2743 3686 tueri

1664 3723 1859 3777 partes.

1728 3797 1753 3822 ⁸
1784 3791 1841 3840 Si
1861 3790 1999 3854 quid]
2032 3789 2290 3853 Intelligit
2318 3794 2596 3838 veteranas
2617 3788 2741 3839 illas

1664 3873 1783 3919 octo
1820 3867 2062 3916 cohortes
2098 3867 2417 3915 Batavorum
2452 3866 2608 3915 toties
2631 3876 2743 3914 tne-

1664 3951 1909 4007 morataS‚
1950 3958 2076 4008 quas
2116 3942 2400 3992 severitate
2439 3941 2740 4006 disciplinae

1664 4021 1935 4083 anteponit
1956 4018 2400 4083 legionibus,·quae
2425 4018 2477 4065 in
2496 4008 2741 4080 partibus

1669 4100 1865 4149 Vitellii
1894 4098 2125 4162 legiones
2162 4096 2389 4146 Othonis
2419 4092 2741 4160 profligave-

1665 4186 1800 4225 rant.

1725 4259 1749 4284 ⁰
1765 4251 2024 4302 -Servirent
2043 4250 2206 4314 Syria,
2226 4248 2458 4312 Asiaque]
2492 4248 2557 4299 111
2579 4247 2739 4310 dicit,

1663 4329 1784 4395 quia
1834 4329 1974 4394 apud
2019 4327 2310 4379 Orientem:
2352 4324 2739 4393 opulentissimi

3001 2692 3008 2719 „¹
2999 2496 3008 2641 -ou
