3050 4917
349 408 407 461 J.
432 408 492 459 C.
516 406 624 472 70.]

1030 393 1570 449 HISTORIARUM
1621 399 1770 447 LIB.
1819 398 1921 448 tv·

2383 383 2559 451 3167

351 554 622 626 ceretur,
635 556 661 598 ⁷
710 547 906 631 cujas
933 547 1268 631 disparem
1307 544 1766 631 mitioremque
1813 550 2119 611 naturam
2158 551 2428 612 eontra⁰
2456 545 2553 611 in·

354 652 851 736 terpretabatur.
863 648 890 688 ⁸

348 802 624 854 dissimilem
643 804 948 867 lenioremque
965 802 1163 852 indolem
1183 802 1237 853 in
1258 801 1547 852 contrariam
1567 798 1843 864 accipiebat.

1271 928 1421 950 ‘m‘
1426 927 1630 947 “m“

350 1016 619 1068 Ideme-T
652 1018 776 1067 Mss.
797 1018 946 1067 Bodl.
983 1017 1095 1069 JeS.
1133 1023 1188 1067 et
1228 1016 1568 1079 puteolanae,
1604 1015 1997 1064 subduceret—8
2031 1014 2317 1077 Perperam
2359 1013 2558 1064 addunt

350 1082 483 1134 Mus.
507 1083 638 1145 Reg.
660 1083 808 1133 Harl.
833 1083 988 1133 Bodl.
1015 1083 1125 1135 Jes.
1148 1082 1304 1133 Corb.
1328 1088 1384 1131 et
1406 1081 1571 1131 editio
1594 1082 1860 1144 princeps,
1892 1094 2037 1143 neque
2058 1096 2139 1128 vos
2157 1080 2410 1143 impunitos
2428 1081 2559 1143 pati·

348 1153 523 1197 antur.-
555 1164 669 1212 quae
695 1150 922 1211 repetita
946 1156 1065 1198 sunt
1087 1164 1154 1196 ex
1177 1147 1444 1210 superiore
1467 1161 1514 1195 e.
1540 1150 1622 1195 77.
1657 1147 1672 1173 ‘
1695 1147 1883 1209 Neque
1908 1160 1989 1193 me
2013 1144 2251 1205 inultum,
2275 1159 2441 1208 neque
2463 1159 2555 1194 vos

347 1212 630 1277 impunitos
676 1214 978 1277 patiantur.’

1062 1214 1334 1264 Ob·illum
1372 1212 1699 1261 librariorum
1740 1223 1966 1260 errorem
2002 1216 2154 1260 notat
2196 1211 2300 1260 ΜΒ.
2341 1211 2557 1260 Far-nes.

348 1278 505 1328 Deest
532 1278 615 1329 irie
648 1280 1001 1342 aliquantulum.
1070 1278 1214 1328 Nihil
1238 1278 1402 1341 deest,
1438 1275 1567 1341 licet
1588 1276 1741 1326 aliter
1763 1275 1956 1348 sentiat
1977 1276 2203 1341 Lipsius.
2270 1275 2565 1340 Perperna

349 1343 402 1392 in
427 1343 525 1396 Ms.
548 1343 675 1408 Agr.
699 1345 1151 1409 inim-metabantur.
1184 1343 1411 1394 Brotier.

1349 1498 1572 1550 NOTAE

345 1616 461 1666 lans
484 1618 713 1666 tantum?
738 1615 829 1667 ita.
873 1616 1180 1666 Suetonius:
1215 1615 1412 1666 ‘Simu-

346 1693 478 1742 lavit
514 1692 866 1757 [Domitianus
887 1694 970 1743 bic
994 1693 1118 1757 iste]
1153 1693 1281 1743 mire
1302 1707 1408 1743 mo-

348 1769 587 1832 destiam,
645 1770 981 1835 inprimisque
1020 1769 1259 1820 Poeticae
1303 1777 1409 1825 stu·

347 1846 509 1909 dium,
520 1852 627 1896 tam
642 1848 945 1897 inusitatum
966 1855 1119 1898 antea
1131 1847 1408 1913 sibi,quam

347 1930 530 1989 postea
552 1932 784 1989 spretum
808 1931 861 1975 et
882 1925 1177 1990 abiectum!

410 1999 482 2051 At
499 2001 781 2065 scriptores
792 2002 900 2067 ejus
912 2001 1011 2052 aevi
1025 2016 1260 2066 campum
1275 2002 1412 2051 hunc

340 2077 691 2130 ndulatorium
714 2081 922 2145 egregie
953 2086 1217 2143 exercent,
1249 2087 1302 2129 et
1325 2094 1413 2127 va-

346 2163 455 2207 tem
478 2154 676 2206 faciunt
700 2171 858 2220 supra
877 2163 1039 2207 vates.

414 2232 622 2282 Omitto
645 2233 859 2297 Poetas,
891 2232 1058 2299 (more
1090 2232 1297 2282 mentiri
1320 2232 1411 2280 ali·

341 2310 472 2376 ‚quid
508 2316 567 2360 et
599 2311 854 2360 extollere
887 2310 949 2358 iis
982 2307 1107 2373 fas‚)
1139 2323 1264 2359 ecce
1298 2322 1411 2359 nos·

345 2379 483 2438 trum
507 2403 682 2438 senem
713 2388 961 2437 Fabium:
995 2389 1011 2415 ‘
1036 2388 1149 2437 Hos
1183 2388 1408 2436 nomina-

341 2466 536 2530 vimus,
566 2467 686 2531 quia
707 2465 1074 2517 Germanicum
1100 2463 1409 2528 Augustum'

339 2542 495 2606 [cave
527 2542 683 2591 alium
719 2558 750 2592 a
782 2542 1088 2591 Domitiano
1128 2539 1412 2605 intelligas]

342 2618 358 2645 ‘
369 2618 437 2668 ab
459 2617 713 2668 institutis
728 2617 911 2668 studiis
931 2616 1147 2679 defiexit
1163 2632 1289 2667 cura
1306 2628 1411 2668 ter-

344 2709 547 2755 rarum;
582 2708 865 2759 parumque
882 2693 994 2744 Diis
1011 2693 1171 2742 visum
1188 2701 1288 2757 est,
1302 2709 1412 2744 esse

344 2786 464 2821 eum
496 2771 776 2820 maximum
798 2770 1097 2820 Poetarum.
1165 2770 1303 2822 Quid
1334 2777 1411 2820 ta-

339 2861 467 2898 nen
498 2849 564 2900 iis
599 2849 727 2913 ipsis
764 2847 1012 2913 operibus
1045 2848 1172 2912 ejirs,
1204 2848 1259 2896 in
1294 2863 1410 2913 quae

341 2926 564 2976 donatus
581 2927 797 2991 imperio
821 2926 1036 2992 juvenis
1068 2932 1411 2988 successerat,

343 3004 562 3070 [scr-ibo,
605 3003 918 3066 secesserat]
965 3002 1250 3064 sublimius,
1290 3004 1409 3052 doc-

346 3082 468 3142 tina,
501 3082 738 3132 omnibus
772 3082 994 3146 denique
1031 3082 1255 3130 numeris
1278 3096 1412 3145 prae-

343 3159 625 3209 stantius?
692 3160 796 3223 Ite,
839 3157 1068 3207 Homer-e
1107 3162 1167 3206 et
1208 3158 1415 3223 virgili,

345 3244 533 3301 erepta
573 3237 719 3287 vobis
764 3253 797 3287 a
853 3235 1041 3286 Paride
1082 3236 1182 3285 boe
1224 3236 1413 3298 palma.

346 3314 548 3364 Plinius
582 3314 738 3363 etiam
765 3312 1086 3363 Praefatione
1119 3311 1185 3362 ad
1207 3312 1377 3362 Titum
1396 3331 1416 3364 ι

339 3393 363 3420 “
392 3391 629 3442 Quantus
661 3392 715 3439 in
755 3390 976 3442 Poetica
1012 3389 1103 3440 es?
1159 3404 1189 3439 o
1225 3405 1414 3455 magna

347 3468 659 3518 foecunditas
714 3469 898 3518 animi!
983 3468 1413 3534 quemadmodum

347 3546 567 3600 &auem
607 3561 815 3616 quoqne
853 3545 1151 3612 unitatatis,
1203 3545 1415 3612 excogi-

1489 1611 1653 1663 tasti!
1720 1613 1853 1664 Haec
1886 1613 2088 1678 turpia:
2145 1617 2302 1677 atque
2342 1611 2561 1674 utinam,

1488 1697 1665 1740 tamen
1704 1692 1934 1754 timeam,
1965 1705 2031 1740 ne
2070 1691 2186 1756 quis
2224 1689 2378 1740 hodie
2420 1688 2560 1755 apud

1488 1768 1767 1831 Principes
1791 1768 1865 1817 sic
1890 1774 2090 1832 peccet.
2136 1768 2346 1831 Lipsius.

1556 1851 1580 1876 ⁰
1616 1844 1794 1912 Contra
1815 1843 2239 1908 interpretabatur]
2272 1844 2467 1908 Scripti
2501 1844 2560 1893 li-

1490 1921 1572 1971 bri
1595 1922 1902 1985 subtexunt,
1930 1936 2076 1985 neque
2097 1938 2178 1970 tos
2206 1922 2459 1985 impunitos
2472 1938 2562 1987 pa-

1491 1999 1694 2048 tiantur.
1761 2000 2078 2062 Perperam:
2118 1997 2237 2064 quia
2262 1999 2417 2048 verba
2439 2005 2559 2049 sunt

1493 2091 1560 2125 ex
1599 2076 1834 2125 oratione
1872 2077 2086 2127 Cerialis
2124 2091 2281 2140 supra
2312 2078 2558 2141 repetita.

1492 2153 1832 2203 Farnesianus
1857 2145 2096 2214 ascribit,
2129 2154 2144 2181 ‘
2169 2154 2335 2203 Deest
2365 2153 2448 2204 bic
2470 2155 2560 2203 ali-

1493 2232 1797 2296 quantulum
1813 2232 1844 2280 :⁹
1877 2230 2127 2281 cuifidem
2141 2231 2326 2281 habeo.
2349 2232 2561 2295 Πράκα

1562 2310 1708 2370 Cujus
1727 2309 1964 2372 disparem
1987 2308 2308 2373 mitioremque
2327 2314 2560 2380 ,naturam

1490 2391 1657 2435 eontra
1689 2385 2113 2450 interpretabatur]
2145 2387 2319 2436 Multa
2357 2388 2560 2438 sinmla-

1488 2464 1584 2515 bat
1603 2466 1938 2516 Domitianus
1962 2466 2256 2516 avertendae
2280 2468 2561 2530 suspicioni

1490 2545 1638 2608 regni
1673 2560 1704 2592 a
1727 2557 1783 2593 se
1806 2541 2059 2593 affectati.
2125 2543 2298 2607 quue
2330 2543 2559 2594 faciebat

1489 2627 1633 2671 metu
1658 2620 1849 2683 fratris,
1880 2621 2032 2686 cujus
2055 2621 2373 2672 mitissimam
2413 2626 2562 2672 natu·

1490 2714 1600 2748 ram
1640 2700 1706 2748 ad
1748 2706 1955 2762 tempus
2002 2704 2277 2746 assumtam
2323 2697 2561 2760 putabat,

1490 2781 1794 2840 mortuoque
1839 2781 2010 2839 patre,
2055 2776 2107 2824 in
2149 2776 2230 2824 sui
2275 2775 2560 2839 perniciem

1490 2859 1814 2917 erupturam.
1878 2852 1983 2901 Sed
2018 2853 2179 2916 quam'
2206 2851 2364 2900 falsus
2401 2853 2560 2902 animi

1489 2928 1577 2992 sit,
1612 2932 1835 2992 arguunt
1873 2928 1988 2992 ejus
2026 2927 2276 2991 facinora,
2309 2930 2394 2978 vel
2433 2929 2559 2980 Tito

1488 3020 1661 3054 rerum
1685 3004 1910 3055 habenas
1932 3004 2246 3055 moderante.
2281 3007 2296 3033 ‘
2323 3006 2557 3056 Fratrem

1489 3083 1726 3132 insidiari
1770 3083 1867 3132 sibi
1910 3097 2011 3133 non
2067 3081 2405 3147 desinentem,
2465 3084 2561 3134 sed

1492 3173 1653 3223 paene.
1676 3172 1744 3207 ex
1781 3157 2018 3222 protenso
2041 3158 2388 3209 solicitantem
2408 3174 2560 3211 ¹‹nier-

1489 3235 1652 3299 citus,
1691 3235 2031 3286 meditantem
2070 3234 2238 3301 fugas,
2280 3251 2378 3286 nec
2421 3238 2560 3292 occi-

1493 3315 1637 3380 dere,
1675 3330 1773 3366 nec
1799 3329 2071 3379 seponere,
2110 3330 2170 3365 ac
2191 3329 2259 3365 ne
2281 3315 2335 3364 in
2359 3316 2558 3366 minore

1492 3394 1701 3461 quidem
1769 3394 1962 3445 honore
2015 3393 2208 3445 babere
2271 3394 2563 3448 sustinuit-⁸

1491 3472 1640 3523 Suet.
1663 3472 1883 3526 inmo.
