3050 4917
438 373 623 450 804

1084 384 1089 388 '
1132 389 1230 438 Jc.
1272 380 1641 440 connum
1683 377 1941 437 mici-rt

2342 371 2523 458 [Am.
2541 379 2661 452 m

332 494 344 508 “
443 537 649 628 quam
674 536 912 625 raptim
940 533 1228 624 ductos,³
1258 535 1671 621 aequabant?
1735 533 1845 600 Ita
1867 527 2126 600 mixtus
2152 539 2390 620 eques*
2415 533 2660 621 pedes-‘³

440 747 731 815 ugiomiis.
795 743 1062 810 linientes·
1095 742 1280 811 rodim
1310 740 1578 813 orsiterruae
1608 751 1869 808 pen-epm
1901 740 2052 794 aaa·
2083 741 2350 820 tegio-naq
2401 739 2663 801 Enna-t

1370 910 1459 932 ‘00
1463 909 1729 933 ‘NOOONO

442 1034 477 1086 8
508 1033 598 1089 Ita
617 1031 736 1084 libri
755 1046 950 1095 omnes,
968 1035 1027 1082 et
1045 1029 1200 1083 bene.
1267 1029 1386 1079 Nec
1409 1026 1736 1090 tentandum,
1773 1031 1836 1076 ut
1873 1026 2074 1091 placuit
2092 1025 2290 1094 Lipsio,
2308 1027 2490 1093 raptim
2511 1029 2664 1084 dans

441 1105 534 1158 tos.
603 1099 809 1165 Optimi
840 1096 1019 1157 militis
1052 1101 1157 1160 est,
1186 1107 1480 1161 quanquam
1516 1092 1708 1159 raptim
1743 1091 1909 1157 ducti,
1942 1092 2168 1146 vincere.
2221 1093 2539 1150 Brutine—4
2566 1094 2663 1174 Sic

1436 1271 1662 1325 NOTAE

507 1401 530 1445 '-
565 1411 696 1468 Quos
726 1408 916 1462 militie
934 1407 1231 1473 legionariis,
1248 1420 1512 1472 quanquam

443 1486 625 1550 remim
665 1487 845 1549 amos,
884 1483 1155 1549 aquabant]
1220 1482 1512 1547 Legionarii

440 1575 540 1628 pro
560 1562 760 1625 optimo
792 1561 1014 1612 militum
1036 1574 1230 1626 genere
1251 1558 1512 1610 habeban-

445 1643 555 1700 tur,
576 1636 718 1702 quod
752 1637 972 1688 Romani
1008 1642 1204 1699 essent,
1234 1650 1402 1700 eaque
1433 1648 1513 1685 ar·

402 1771 407 1777 ,
443 1707 654 1763 matura
674 1717 731 1762 et
752 1711 1026 1777 disciplina
1044 1710 1294 1762 exerciti:
1318 1715 1375 1761 at
1394 1725 1516 1760 aux-

445 1789 538 1842 ilia
570 1804 775 1856 quoque
805 1802 1171 1855 nonnunquam
1205 1787 1318 1853 pari
1351 1786 1517 1852 gloria

444 1866 698 1932 agebant,
720 1865 766 1916 si
785 1881 973 1931 nempe
1005 1866 1098 1916 diu
1118 1864 1327 1915 fortiter
1347 1878 1516 1914 meru·

379 1991 386 1996 .
443 1945 629 2009 issent,
662 1950 724 1995 ut
756 1945 948 1997 Batavi
979 1955 1140 2009 supra
1176 1943 1318 1995 Hist.
1338 1956 1406 1995 11.
1427 1945 1511 1994 28.

440 2028 503 2074 et
520 2023 714 2087 passim
725 2022 806 2072 his
825 2022 991 2072 libris,
1417 2057 1425 2064 .

453 2103 459 2108 “
508 2097 597 2148 Sic
640 2098 803 2162 igitur
850 2103 908 2147 et
950 2093 1197 2147 Moesi'cos
1239 2094 1515 2146 auxiliares

432 2237 435 2240 Ι
445 2173 613 2240 gloria
665 2173 864 2223 militiae
921 2173 1164 2239 aequab'at
1215 2172 1514 2237 legionariis

447 2247 719 2312 Messalla,
743 2264 1033 2316 quanquam
1052 2249 1230 2315 raptim
1249 2250 1428 2301 ductos.
1472 2251 1476 2256 ’

430 2341 435 2346 ·
515 2325 634 2377 Hoc
656 2340 719 2375 eo
743 2326 993 2388 pertinet,
1026 2339 1178 2390 pares
1196 2324 1355 2376 fuisse
1374 2324 1514 2375 habi-

446 2407 531 2453 tos
582 2402 876 2464 legionariis,
924 2416 1215 2467 quanquam
1271 2409 1513 2453 recentes

440 2478 562 2530 illos
591 2478 904 2543 legionarios
939 2478 1059 2543 ipsi,
1094 2484 1153 2528 ut
1184 2478 1337 2528 modo
1370 2478 1515 2529 dixe-

445 2561 548 2619 rat,
592 2570 687 2619 per
733 2562 933 2606 tantum
981 2556 1209 2619 spatium
1258 2571 1415 2616 cursu
1457 2561 1516 2605 et

444 2630 726 2697 pugnando
750 2631 894 2695 fessi,
912 2632 1347 2697 aggrederentur,
1370 2646 1514 2681 acce·

443 2706 606 2758 dente
644 2721 778 2758 nunc
819 2709 978 2760 etiam
998 2719 1003 2724 ·
1024 2708 1224 2758 recenti
1263 2705 1515 2771 defatiga-

444 2782 609 2849 tione,
666 2783 803 2850 quod
868 2784 1061 2851 raptim
1129 2784 1276 2835 ducti
1323 2789 1515 2835 essent.

443 2858 742 2911 Freinshem.

452 3001 457 3008 .
506 2934 841 3002 Lag-ionariis]
863 2927 1064 2988 ‘Vertit
1086 2937 1348 3001 interpres
1372 2936 1513 2988 Gall.

448 3009 603 3065 Quod
638 3012 890 3064 auderent
919 3013 1151 3077 legiones
1182 3014 1409 3063 hostium
1442 3014 1525 3063 la·-

445 3104 673 3141 cessere.
705 3091 809 3141 Sed
836 3092 1115 3142 universim
1132 3099 1188 3141 et
1210 3091 1514 3142 indistincte

441 3165 845 3231 intelligendum
883 3175 982 3231 est,
1018 3166 1181 3218 fuisse
1226 3182 1378 3232 pares
1415 3168 1516 3217 vir.

445 3249 565 3294 tute
587 3252 644 3293 et
665 3244 855 3296 decore
879 3245 1177 3309 legionariis
1209 3244 1369 3294 etiam
1402 3259 1517 3294 sua-

445 3333 563 3369 rum
585 3321 829 3383 partium,
852 3330 907 3371 et
929 3322 1334 3386 quibuscumque
1359 3320 1516 3384 legio·

441 3396 620 3462 uariis,
653 3408 706 3446 et
750 3398 1012 3461 praecipue
1035 3397 1160 3458 suis,
1182 3412 1274 3446 seu
1305 3396 1516 3446 victori-

443 3472 564 3537 bus,
605 3476 733 3524 licet
780 3481 978 3524 tantum
1020 3475 1293 3525 auxiliares
1341 3481 1518 3525 essent

445 3551 657 3602 Moesici
692 3552 785 3614 illi,
819 3560 874 3601 et
909 3551 1101 3614 raptim
1137 3550 1304 3601 ducti.
1373 3552 1514 3604 Quid

444 3629 633 3680 mirum
659 3630 710 3677 in
736 3644 798 3679 eo
822 3628 981 3692 foret,
1003 3629 1044 3678 si
1068 3644 1219 3692 pares
1242 3630 1355 3693 jam
1377 3630 1517 3682 dice·

442 3709 628 3755 rentur
652 3705 802 3753 victis
826 3719 961 3756 nunc
986 3704 1280 3769 legionariis
1296 3703 1322 3756 ζ’

444 3835 453 3843 ,ι
513 3780 717 3841 Raptim
737 3779 922 3844 ductos]
956 3780 1131 3840 Forte,
1147 3781 1269 3845 quia
1291 3795 1358 3832 ex
1380 3784 1516 3847 agris

443 3855 810 3922 praedabundi,
827 3872 917 3906 seu
944 3856 1224 3919 palabundi
1247 3858 1517 3923 redibant3

438 3933 502 3983 et
539 3936 647 3980 tun»
678 3940 853 3982 tamen
888 3932 1102 3988 aliorum
1138 3935 1385 3985 virtutem
1409 3938 1517 4001 glo·

422 4006 678 4071 ,fiamque
716 4008 1123 4058 aeniulabantur:
1159 4011 1409 4075 quicquid
1427 4014 1514 4075 sit,

441 4082 573 4135 licet
595 4083 858 4133 auxiliares
889 4093 1065 4138 essent
1087 4094 1142 4135 et
1170 4088 1349 4151 raptim
1381 4089 1516 4138 ducti

445 4162 506 4209 et
526 4155 670 4221 fessi,
701 4159 899 4210 virtute
930 4160 1239 4225 legionarios
1263 4178 1382 4213 suos
1418 4163 1513 4213 sub

445 4234 582 4292 bono
634 4234 770 4292 duce
816 4236 1183 4307 adoequabann
1227 4239 1316 4296 vel
1354 4238 1516 4292 indis-

1590 1403 1778 1468 tincte,
1809 1408 1872 1455 ut
1907 1402 2146 1456 diximus.
2212 1399 2333 1455 Nec
2365 1403 2443 1455 illi
2478 1389 2665 1455 auxili-

1591 1496 1711 1533 ares
1764 1482 1943 1545 raptim
1993 1483 2174 1548 dilecti,
2231 1489 2325 1533 ant
2375 1482 2664 1533 subitarios

1590 1559 1758 1624 miles,
1777 1563 1839 1608 ut
1856 1559 1971 1609 vult
1991 1559 2231 1625 Lipsius3
2265 1566 2447 1611 vetera
2464 1559 2667 1612 auxilie

1592 1635 1852 1699 legionum
1873 1642 2040 1689 erant.

1660 1711 1863 1775 Raptim
1883 1711 2069 1776 ductos]
2133 1712 2292 1764 Forte
2315 1725 2420 1766 non
2452 1719 2561 1765 tam
2584 1713 2663 1765 in.

1595 1789 1762 1853 telligi
1786 1790 1960 1853 debet,
1981 1789 2096 1840 illos
2118 1791 2395 1841 auxiliares
2416 1787 2666 1844 Moesicos
2703 1843 2710 1852 ,

1596 1865 1752 1916 fuisse
1773 1867 1968 1931 raptim
1989 1866 2176 1918 ductos
2193 1868 2247 1917 in
2265 1868 2467 1932 praelio,
2488 1883 2553 1921 ac
2575 1883 2669 1922 an-

1596 1948 1703 2004 tea,
1724 1957 1913 2007 nempe
1935 1943 2057 1994 dum
2080 1959 2111 1994 e
2135 1945 2323 1994 Moesia
2343 1946 2539 2009 raptim
2559 1952 2667 1998 tra-

1590 2018 1852 2069 hebantur
1868 2019 1934 2069 ad
1952 2021 2304 2084 occupandam
2325 2021 2553 2072 Italiam.
2592 2023 2670 2078 Et

1594 2095 1641 2145 si
1662 2093 1878 2145 fuerunt
1914 2097 2107 2160 raptim
2142 2096 2290 2146 ducti
2311 2098 2364 2146 in
2389 2098 2587 2163 praelio,
2605 2097 2664 2149 id

1592 2172 1694 2222 illis
1715 2171 1826 2222 fere
1861 2187 2129 2223 commune
2150 2171 2253 2242 fuit
2285 2188 2404 2223 cum
2438 2173 2576 2238 aliis,
2609 2180 2668 2228 et

1596 2250 1861 2315 praecipue
1876 2250 2192 2313 legionariis,
2210 2251 2299 2316 qui
2316 2252 2429 2316 pari
2448 2253 2670 2318 impetu,

1594 2333 1652 2377 et
1671 2332 1918 2392 qnantum
1943 2327 2141 2391 patitur
2160 2342 2319 2391 grave
2348 2342 2554 2393 agmen,
2587 2330 2669 2380 in-

1596 2402 1878 2453 cursabant
1897 2407 2140 2453 nutantem
2166 2404 2316 2454 aciem
2334 2404 2581 2471 hostium,
2604 2414 2669 2458 ul:

1596 2493 1709 2544 eam
1733 2478 1940 2543 penitus
1962 2477 2314 2543 impellerent,
2337 2494 2400 2531 ac
2421 2480 2667 2547 profliga-

1595 2560 1732 2605 rent.
2201 2605 2210 2616 ,
2635 2585 2640 2590 -

1660 2632 1730 2681 Ει
1751 2632 1826 2681 sic
1863 2630 2204 2697 aequabantur
2238 2632 2530 2697 legionariis
2565 2635 2667 2689 mi-

1592 2709 1723 2760 litiae
1756 2710 1935 2775 gloria,
1972 2710 2184 2774 egregio
2221 2709 2357 2760 duce
2399 2711 2669 2778 Messalla,

1599 2800 1893 2851 quanquam
1950 2785 2066 2836 illos
2111 2779 2303 2851 raptim
2352 2787 2591 2840 duxisset
2633 2805 2667 2842 e

1595 2861 1782 2911 castris
1797 2867 1888 2911 aut
1912 2876 1979 2911 ex
1997 2862 2135 2925 acie,
2154 2862 2373 2927 illosque
2389 2861 2670 2930 fatIgasset

1593 2940 1746 2986 tanto
1769 2937 1973 2991 itinere.

1657 3014 1829 3063 Erant
1860 3014 1915 3063 iu
1935 3014 2122 3065 Moesia
2145 3022 2251 3067 tres
2287 3016 2520 3080 legiones
2544 3033 2667 3071 cum

1594 3088 1699 3139 suis
1720 3090 1946 3153 auxiliis,
1971 3106 2087 3155 quae
2129 3093 2323 3144 auxilia
2342 3093 2484 3146 haud
2503 3095 2669 3154 dubie

1596 3184 1629 3218 a
1659 3166 1877 3219 ducibus
1914 3169 2108 3220 bellum
2130 3172 2436 3235 parantibus
2471 3173 2666 3228 robore

1595 3250 1751 3296 aucta
1770 3244 1998 3298 fuerant.
2068 3246 2181 3297 Hos
2220 3249 2497 3300 auxiliares
2529 3252 2674 3302 Μω-

1596 3319 1728 3371 sices
1780 3321 1930 3373 ducit
1982 3324 2232 3390 Messalla
2279 3327 2492 3394 raptim,
2515 3328 2670 3396 quia,

1597 3405 1747 3463 puto,
1768 3400 2004 3464 expediti
2021 3401 2118 3463 illi,
2134 3408 2191 3452 et
2210 3402 2435 3454 maxima
2458 3418 2527 3453 ex
2549 3418 2670 3469 par·

1597 3480 1653 3524 te
1690 3476 1921 3540 equites3
1976 3492 2194 3546 quorum
2232 3478 2506 3542 praecipue
2539 3495 2672 3538 cura

1597 3550 1701 3601 fuit
1737 3554 2048 3615 proturbare
2091 3563 2148 3604 et
2183 3570 2527 3622 perrumpere
2561 3574 2673 3612 nu-

1595 3631 1781 3676 tantem
1799 3628 1948 3678 aciem
1963 3630 2379 3684 Vitellianorum.

1662 3703 1804 3754 Hinc
1842 3704 1990 3753 addit
2039 3706 2273 3770 Tacitus,
2325 3707 2434 3758 ‘ita
2467 3705 2669 3768 mixtus

1598 3792 1759 3844 eques
1825 3778 2089 3845 pedesque
2143 3796 2340 3845 rupere
2402 3785 2672 3848 legionum

1600 3852 1822 3919 agmen.’
1887 3854 1958 3904 Et
1995 3852 2132 3905 forte
2153 3856 2203 3908 hi
2234 3858 2512 3912 auxiliares
2535 3861 2672 3914 Μω-

1598 3932 1694 3982 sici
1739 3939 2126 3994 praecesserant
2179 3925 2347 3998 grave
2401 3935 2671 3999 legionum

1597 4008 1927 4058 Moesicarum
1973 4023 2175 4074 agmen,
2212 4012 2267 4063 in
2310 4012 2523 4064 Italiam
2555 4014 2668 4071 aad·

1597 4091 1887 4136 ventantes.
1950 4085 2143 4150 Sicque
2191 4087 2419 4151 intelligi
2466 4075 2702 4162 potens

1593 4163 1775 4227 raptim
1805 4163 1971 4212 ductos
1993 4176 2129 4232 esse,
2166 4168 2224 4214 et
2260 4162 2316 4215 in
2336 4163 2558 4235 itineres
2569 4168 2672 4234 tut

1593 4240 1783 4299 saltem
1804 4240 1978 4311 inuhoc
1986 4238 2194 4308 praelic.
