3050 4917
332 437 383 490 J.
403 436 461 491 (δ’.
478 436 589 502 62]

1028 429 1560 483 HISTORIARUM
1609 430 1757 482 mn.
1806 430 1921 480 111.

2353 416 2531 487 2949

335 577 548 643 sedem
575 574 622 642 J
623 575 769 642 ovis
800 573 887 639 Ο.
911 572 1056 641 My
1085 575 1437 659 auspicato
1466 593 1511 642 a
1534 575 1918 661 majoribus,
1941 574 2181 660 pignus
2203 575 2526 663 Imperii,¹

333 680 681 759 conditam,
728 698 936 765 quam
974 698 1117 743 non
1165 677 1470 745 Porsena
1515 678 1770 744 dedita²
1793 681 2027 757 =urbe,³
2069 680 2284 764 neque
2328 678 2524 751 Gaui

316 872 509 936 flagitia
535 877 713 934 noum,
731 873 955 936 empna·
968 872 1107 921 Jove,
1127 871 1314 936 optimi
1336 872 1475 921 Max.
1486 870 1714 933 semu
1729 870 1955 935 auspican
1971 875 2264 921 exstructum
2297 887 2329 922 a
2364 844 2526 936 patri-⁵

326 938 422 1002 bue,
449 938 591 989 velut
621 937 814 1002 imperii
829 952 1004 1002 meent,
1034 953 1173 1002 qaam
1191 952 1284 987 non
1305 938 1534 1003 Porsena,
1554 936 1858 1002 permittente
1874 951 1925 987 se
1954 937 2083 1003 arbe,
2114 951 2259 1003 neque
2284 937 2416 987 Gaui
2436 952 2519 988 ex·

1245 1066 1361 1087 ‘Ost‘
1366 1065 1603 1086 ‘Md‘

325 1148 588 1202 Brotierus
605 1148 740 1216 legit
750 1150 921 1215 populo
943 1150 1172 1215 Romano,
1193 1148 1379 1200 omisso
1399 1148 1694 1216 reipuber
1728 1148 1834 1199 Ms.
1856 1147 2014 1199 corb.
2035 1146 2333 1237 tugiam—8
2368 1146 2519 1198 Male

1322 1297 1537 1350 NOTAE

325 1412 576 1478 ginentur.
655 1415 731 1465 Ut
767 1411 1012 1464 bacchari
1051 1409 1380 1477 grassarique

323 1488 524 1553 impune
561 1491 797 1554 avaritia,
817 1489 1033 1553 saevitia,
1061 1488 1287 1538 caedibus
1319 1487 1382 1537 li-

323 1572 453 1630 ceat,
476 1573 535 1616 ut
557 1582 623 1617 ex
650 1567 893 1632 periculis
915 1575 969 1617 ct
1009 1566 1239 1632 pernicie
1260 1565 1382 1617 Rei·

324 1642 440 1705 pub.
461 1642 778 1695 increscant.

381 1718 531 1771 Quod
549 1718 778 1772 facunde
791 1720 1070 1786 descripsit
1080 1721 1206 1772 Tac.
1225 1735 1383 1787 supra

317 1795 351 1846 l.
370 1809 430 1849 ιι.
452 1801 534 1850 87.
555 1806 614 1851 et
637 1803 721 1850 88.
753 1801 770 1828 ⁴
792 1796 880 1850 Ita
900 1814 1068 1865 neque
1091 1801 1385 1865 Paulinum,

321 1885 416 1936 qua
439 1874 720 1937 prudentia
738 1872 861 1940 fuit,
883 1889 1140 1939 sperasse,
1169 1880 1382 1941 corru‘p-

320 1947 506 2000 tissimo
531 1951 747 2014 soecnlo,
765 1957 962 2002 tantam
986 1951 1130 2015 vulgi
1150 1952 1383 2002 modera-

318 2024 520 2090 tionem,
531 2041 674 2092 reor,
690 2033 751 2077 nt
762 2029 850 2093 qui
868 2042 1053 2092 pacem
1072 2028 1195 2078 belli
1208 2042 1382 2079 amore

312 2105 672 2169 turbaverant,
716 2105 911 2156 bellum
964 2107 1109 2170 pacis
1162 2106 1380 2156 caritate

317 2179 634 2245 deponerent
652 2199 667 2234 z
703 2198 873 2249 neque
895 2190 986 2233 aut
1003 2183 1265 2233 exercitus
1282 2184 1379 2233 lin-

316 2261 425 2322 guis
465 2263 803 2328 moribusque
846 2262 1096 2325 dissonos,
1146 2262 1200 2311 in
1242 2263 1377 2313 hunc

314 2351 622 2390 consensum
670 2340 900 2405 potuisse
937 2341 1253 2402 coalescere,
1285 2346 1378 2390 aut

310 2413 508 2480 legatos
549 2433 620 2468 nc
665 2417 839 2483 duces,
873 2432 1064 2482 magna
1106 2432 1173 2466 ex
1224 2424 1377 2483 parte

308 2491 472 2556 luxus,
512 2495 791 2559 egestatis,
832 2495 1087 2544 scelerum
1120 2493 1218 2543 sibi
1258 2509 1380 2547 cou-

309 2568 454 2634 scios,
495 2571 606 2622 nisi
659 2572 913 2636 pollutum
966 2572 1376 2639 obstrictumque

310 2647 528 2699 moribus
573 2648 679 2699 suis
714 2648 814 2715 (sic
853 2650 1156 2714 legendum)
1191 2651 1380 2715 princi-

311 2736 426 2787 pem
449 2740 715 2790 passuros.
781 2727 950 2777 Vetus
970 2743 1032 2778 ac
1045 2729 1156 2793 jam
1177 2728 1377 2792 pridem

310 2799 460 2852 insita
511 2803 821 2854 mortalibus
875 2805 1124 2868 potentiae
1170 2805 1380 2870 cupido,

309 2891 422 2928 cum
475 2880 687 2946 imperii
738 2880 1093 2946 magnitudine
1147 2881 1379 2933 adolevit

310 2957 624 3022 erupitque!

369 3032 471 3082 His
492 3033 684 3084 iisdem
705 3034 874 3085 causis
905 3036 1072 3101 primo
1105 3042 1376 3088 certavere

308 3109 487 3171 plebes
509 3117 813 3177 patresque,
832 3112 952 3162 dein
975 3112 1171 3163 tribuni
1194 3119 1250 3163 et
1268 3129 1375 3163 eon-

309 3186 426 3235 oulen
440 3187 715 3252 proevnlidi„
779 3188 907 3237 Mox
925 3189 1124 3239 Marius
1145 3195 1201 3239 et
1214 3189 1376 3254 Sylla,

309 3261 429 3314 dein
453 3266 734 3330 Pompeius
756 3270 814 3315 et
835 3265 1040 3316 Caesar:
1076 3266 1093 3294 ‘
1117 3266 1168 3316 N
1172 3280 1238 3316 ou
1273 3265 1373 3315 dis-

310 3350 512 3393 cessere
533 3342 599 3393 ab
618 3342 773 3392 armis
797 3342 850 3391 in
880 3342 1153 3393 Pharsalia
1172 3357 1235 3393 ac
1254 3341 1377 3393 Phi·

309 3417 465 3484 lippis
488 3420 682 3471 civium
704 3419 969 3484 legiones3
992 3420 1184 3469 nedum
1207 3420 1372 3471 Otho-

313 3494 390 3544 nis
414 3495 694 3547 aevitellii
711 3495 1009 3559 exercitus,’
1030 3502 1120 3546 aut
1142 3495 1377 3562 aliorum,

312 3584 486 3624 amore
541 3573 765 3639 Reipub.
828 3572 1023 3623 bellum
1090 3573 1371 3638 deponent.

308 3650 324 3676 ‘
346 3650 546 3701 Eadem
585 3652 702 3701 illos
735 3651 910 3700 Deum
948 3650 1046 3714 ira,
1067 3649 1252 3700 eadem
1289 3652 1376 3701 ho·

308 3727 504 3777 minum
524 3727 717 3790 rabies,
740 3728 937 3778 eaedem
967 3727 1220 3777 scelerum
1258 3743 1375 3779 cau·

311 3816 381 3855 sae
415 3804 471 3856 in
506 3806 816 3857 discordiam
839 3805 1031 3870 egere.'
1110 3807 1190 3855 En
1213 3820 1374 3856 saecu-

309 3877 434 3945 lum,
470 3896 539 3932 en
572 3896 723 3933 mores
755 3883 924 3944 metri,
962 3881 1030 3931 de
1067 3881 1252 3946 quibus
1287 3883 1385 3933 hic'

311 3956 544 4008 Tacitus.

371 4042 406 4068 ¹¹
455 4035 625 4086 Sedens
658 4036 798 4086 Jovis
843 4039 907 4088 Ο.
950 4038 1026 4087 Μ.
1028 4039 1052 4103 ]
1116 4036 1374 4090 Fundatio

311 4111 436 4179 ejus,
456 4115 502 4163 si
522 4113 755 4164 audimus
784 4115 1088 4180 Dionysium
1124 4116 1161 4165 l.
1193 4130 1280 4167 111.
1319 4122 1376 4168 et

313 4201 388 4241 lv.
423 4197 539 4241 crat
568 4192 585 4220 ‘
610 4196 667 4240 et
688 4190 834 4242 Jovis
869 4199 925 4243 et
956 4193 1176 4245 Junonis
1198 4201 1253 4245 et
1272 4192 1375 4244 Mi·

313 4280 485 4317 nervoe
500 4267 792 4333 templum!
853 4270 1081 4322 Soevssius.
1305 4276 1315 4287 ⁸

375 4346 640 4412 ‘Pignus
674 4347 885 4416 imperii]
949 4349 1124 4402 Livius
1158 4351 1192 4403 l.
1228 4364 1268 4402 1.
1302 4351 1379 4404 de

1461 1408 1639 1474 capite
1673 1411 1930 1459 humano:
1977 1407 1995 1437 ‘
2017 1421 2134 1473 quae
2178 1405 2284 1457 visa
2320 1406 2524 1472 species

1458 1486 1597 1536 haud
1622 1500 1718 1550 per
1735 1485 1979 1550 ambages
2000 1499 2174 1534 arcem
2208 1498 2321 1535 eam
2363 1484 2525 1549 impe-

1460 1562 1528 1612 rii
1565 1569 1825 1628 caputque
1880 1576 2052 1613 rerum
2088 1559 2201 1610 fore
2242 1560 2521 1626 portende·

1458 1640 1589 1692 bat)

1527 1717 1810 1782 Dionysius
1844 1716 2075 1781 responsi
2110 1713 2379 1781 cujusdam
2411 1728 2527 1766 ver

1461 1795 1531 1848 ba
1552 1794 1736 1858 refert,
1759 1795 1868 1845 dati
1886 1793 2097 1853 nuntiis,
2118 1794 2217 1842 hoc
2238 1794 2445 1843 nomine
2467 1793 2523 1843 in

1462 1870 1728 1922 Etruriam
1756 1873 1921 1922 Roma
1937 1870 2129 1920 missis:
2164 1870 2180 1899 ‘
2203 1870 2315 1919 Viri
2336 1869 2524 1920 Roma-

1460 1946 1534 2011 ni,
1552 1948 1716 1999 dieite
1732 1948 1916 1999 vestris
1933 1948 2133 2001 civibus
2155 1946 2268 1998 fata
2284 1947 2438 2010 velle,
2463 1954 2522 1998 ut

1459 2023 1546 2073 bic
1560 2025 1755 2090 locus,‘
1743 2040 1794 2073 m
1818 2040 1919 2101 quo
1929 2018 2047 2075 'tale
2071 2030 2229 2089 caput
2251 2029 2522 2089 repertum

1458 2107 1563 2166 est,
1596 2104 1667 2153 sit
1703 2110 1863 2168 caput
1901 2102 2063 2154 totius
2094 2100 2306 2154 Italiae?
2354 2104 2523 2152 Varro

1457 2181 1494 2231 1.
1515 2194 1594 2233 ιν.
1614 2181 1684 2232 de
1704 2184 1764 2232 L.
1782 2182 1844 2234 L.

1519 2255 1697 2323 Atque
1717 2259 1817 2308 boc
1850 2263 2013 2324 caput
2044 2257 2119 2308 sic
2146 2257 2412 2308 inventum
2449 2255 2525 2306 in·

1456 2335 1638 2399 telligo
1659 2334 1821 2386 fuisse
1839 2337 2030 2400 imperii
2060 2337 2234 2400 pignus
2255 2333 2395 2400 apud
2415 2334 2522 2384 Ta-

1455 2412 1615 2461 citum
1636 2413 1733 2463 hoc
1755 2412 1890 2462 loco.
1923 2411 2146 2462 Sanitium

1519 2491 1711 2554 Pignus
1729 2490 1942 2555 imperii]
1988 2492 2148 2543 Quasi
2172 2490 2367 2554 templo
2386 2505 2527 2541 com·

1455 2568 1629 2634 busto,
1660 2570 1770 2633 Dii,
1800 2584 1892 2620 seu
1913 2567 2043 2633 fata,
2065 2569 2338 2634 imperium
2369 2570 2528 2619 Rom.-

1458 2647 1778 2698 desererent.
1861 2649 2037 2700 Quare
2074 2644 2208 2696 infra
2247 2646 2282 2696 1.
2320 2658 2401 2695 ιν.
2434 2649 2520 2696 61.

1457 2724 1548 2775 nbi
1591 2724 1659 2774 de
1699 2725 1979 2775 rebellione
2021 2723 2321 2774 Gallorum:
2369 2720 2521 2772 §Sed

1457 2802 1584 2852 nihil
1606 2810 1754 2868 aeque
1771 2817 1921 2867 quam
1945 2800 2239 2852 Incendium
2256 2792 2538 2863 Capitolii,

1458 2886 1518 2929 ut
1557 2881 1712 2930 finem
1754 2879 1959 2944 imperii
2000 2878 2182 2928 adesse
2222 2874 2522 2935 crederent,

1456 2959 1751 3024 impulerat.
1815 2959 2037 3023 Captam
2052 2957 2174 3007 olim
2196 2969 2228 3004 a
2249 2953 2416 3005 Gallis
2440 2968 2526 3002 ur-

1454 3035 1591 3098 bem,
1629 3035 1721 3085 sed
1744 3035 1949 3100 integra
1973 3032 2119 3086 Jovis
2141 3032 2286 3094 sede,
2306 3030 2520 3082 mansis-

1456 3126 1512 3162 se
1534 3112 1825 3177 imperium.
1892 3111 2063 3162 Fatali
2089 3124 2226 3160 nunc
2248 3109 2387 3173 igue,
2417 3108 2521 3173 sig·

1453 3204 1576 3240 num
1598 3190 1826 3257 coelestis
1846 3190 1938 3238 irae
1960 3189 2137 3238 datum
2154 3221 2194 3239 ..
2208 3220 2222 3236 .
2238 3223 2251 3237 .
2270 3186 2525 3251 supersti-

1451 3267 1596 3318 tione
1632 3281 1766 3317 vana
1790 3266 2007 3317 Druidae
2044 3265 2336 3317 canebant!
2393 3257 2528 3315 Aua

1453 3351 1510 3395 et
1532 3350 1686 3395 erant
1722 3344 1938 3410 pignora
1958 3343 2180 3408 imperii,
2200 3342 2516 3404 PalladIum,

1455 3419 1678 3488 Ancilia‚
1701 3424 1797 3472 διο.
1863 3422 2024 3471 Forte
2045 3426 2102 3472 et
2120 3420 2240 3485 quia
2262 3426 2514 3483 augurato

1454 3498 1742 3563 conditum,
1783 3499 2115 3563 dicatumque
2153 3502 2268 3547 erat
2308 3496 2520 3560 Capito-

1454 3578 1578 3627 lium
1627 3577 1739 3627 Diis
1776 3576 1917 3627 urbis
1942 3575 2248 3640 imperiique
2287 3573 2521 3638 presidi-

1453 3655 1569 3721 bus,
1586 3656 1685 3706 hoc
1708 3657 1959 3720 templum
1981 3668 2084 3704 non
2107 3668 2210 3707 una
2232 3665 2386 3702 causa
2401 3651 2516 3716 pig-

1453 3749 1542 3783 nus
1558 3733 1748 3798 imperii
1766 3731 1884 3783 fuit.

1472 3830 1477 3836 ·
1517 3818 1542 3853 5
1591 3812 1801 3861 Porsena
1836 3807 1998 3859 dedita
2036 3806 2174 3871 umbe]
2237 3804 2360 3856 Non
2404 3803 2520 3855 abit

1453 3889 1608 3953 longe
1652 3889 1716 3938 ab
1749 3889 1846 3937 bac
1880 3885 2210 3949 indignitate,
2259 3883 2396 3948 quod
2433 3876 2518 3933 es't

1454 3965 1595 4029 apud
1620 3964 1845 4013 Plinium
1868 3975 2067 4013 xxxxv,
2088 3967 2139 4012 4.
2160 3964 2177 3989 ‘
2199 3961 2264 4010 In
2298 3956 2519 4023 foe'dere,

1452 4042 1594 4106 quod
1616 4041 1847 4105 expulsis
1868 4038 2097 4103 regibus,
2135 4036 2331 4101 populo
2359 4035 2517 4090 Rom.

1454 4118 1607 4169 dedit
1652 4120 1900 4181 Porsena,
1944 4115 2248 4166 nominatim
2286 4128 2520 4179 compre-

1454 4198 1669 4247 hensum
1704 4196 2010 4257 invenimus,
2039 4209 2107 4243 ne
2129 4192 2287 4255 ferro,
2320 4193 2422 4243 nisi
2459 4191 2515 4241 in

1453 4274 1566 4339 agri
1608 4274 1772 4337 cultu,
1809 4277 2100 4323 uterentur.
2166 4269 2339 4324 Etiam
2378 4269 2524 4333 stylo

1449 4351 1679 4404 seribere
1701 4350 1940 4418 vetitum,
1974 4347 2307 4402 venutissimi
2338 4351 2517 4399 aucto·
