3050 4917
348 452 409 508 J.
430 451 494 507 ο.
514 450 625 517 m]
2384 424 2560 495 m

349 592 812 675 arguebantur.
899 587 1012 667 Et,
1040 586 1310 670 cognita
1337 594 1592 663 causa,3
1640 586 1715 650 in
1743 583 2092 660 eonvietos
2121 582 2558 654 vindicatum.

357 689 838 784 Additumque*
866 690 1000 756 SC.
1029 708 1165 774 quo
1205 690 1595 756 senensium
1635 687 1896 773 plebes*
1933 687 2281 753 modestiae
2327 689 2564 773 admo·-
2656 763 2674 770 ,

355 800 644 861 notetur.
730 794 981 860 Iisdem
1024 792 1261 858 diebus
1288 791 1623 859 Antonius
1664 791 1975 859 Flamma
2018 788 2565 876 cyrenensibw¹

356 896 708 962 damnatur
732 898 877 980 lege
901 895 1429 980 repetundarum,
1456 901 1527 961 et
1549 896 1756 960 exilio
1787 895 1876 958 ob
1905 893 2258 959 soevitiam.

444 998 552 1064 46.
599 998 780 1064 Inter
806 1017 958 1084 quae
973 997 1292 1062 ‘militaris
1322 997 1558 1062 seditio
1587 1017 1795 1081 prope
1829 995 2109 1062 exarsit.
2199 996 2561 1064 Praetoria-

263 1187 270 1194 .
354 1120 522 1167 nam·
540 1101 851 1182 militiam
883 1101 1275 1184 repetebant
1304 1119 1348 1166 a
1374 1099 1651 1166 Vitellio
1678 1099 1962 1178 dimissi,
1989 1101 2111 1183 pro
2134 1098 2560 1184 Vespasiano

355 1204 732 1287 congregati
756 1223 774 1269 z
838 1208 907 1268 et
932 1203 1216 1268 illectus¹
1244 1204 1316 1267 in
1339 1202 1612 1268 eandem
1642 1222 1854 1288 spem,
1878 1222 1916 1267 e
1943 1201 2313 1284 legionibus
2341 1196 2561 1268 milesj

353 1306 688 1391 promissa
732 1304 1070 1390 stipendia
1117 1304 1498 1388 flagitabat:
1569 1325 1654 1371 ne
1706 1303 2050 1370 Vitelliani
2100 1304 2369 1389 quidem
2417 1303 2562 1369 sine

1022 443 1076 494 H
1079 439 1379 493 18⁰romA
1389 441 1555 493 RUH
1601 442 1750 494 mn.
1798 442 1902 493 IV.

351 1466 539 1531 habita,
575 1469 629 1519 in
665 1475 920 1535 compertos
954 1486 1070 1521 reos
1106 1472 1494 1522 animadversum.
1558 1470 1934 1536 Adiuvit-tumque
1972 1470 2025 1521 S.
2052 1470 2112 1520 C.
2149 1486 2236 1535 quo
2259 1468 2560 1520 Seniensium

348 1534 548 1596 popalus
566 1535 804 1585 modestice
822 1539 1165 1586 namnum.
1234 1537 1414 1587 Eodem
1446 1543 1651 1601 tempore
1669 1537 1910 1587 Antonius
1931 1537 2147 1586 mmm
2167 1552 2198 1585 α
2221 1535 2561 1599 Cyrenensibus

354 1599 669 1662 postulatur,
690 1603 1033 1664 muletaturque
1052 1603 1155 1662 lege
1174 1604 1556 1666 repetundarum,
1578 1608 1626 1651 et
1647 1603 1792 1652 exilio
1813 1602 1870 1650 ob
1890 1602 2251 1652 immanitatem.
2434 1621 2444 1635 ·

421 1662 614 1714 Interea
647 1666 881 1715 discordia
912 1666 1140 1715 militaris
1165 1665 1276 1726 sere
1311 1682 1502 1717 accensa
1539 1672 1625 1716 est.
1693 1666 2010 1716 Exauctorati
2048 1681 2077 1718 a
2106 1665 2298 1716 Vitellio
2332 1664 2562 1715 militiam

331 1729 686 1789 phetor-imm
705 1731 1004 1794 reposcebant
1020 1746 1107 1795 pro
1136 1731 1417 1795 Vespasiano
1437 1731 1678 1782 convocati
1695 1749 1712 1781 .·
1753 1736 1802 1781 et
1830 1736 2061 1781 mumius
2093 1732 2148 1780 in
2183 1732 2308 1780 idem
2336 1735 2510 1788 vohun,
2533 1744 2562 1779 e

350 1791 617 1855 legionibus
636 1795 770 1846 miles
798 1795 1077 1861 promissam
1108 1796 1355 1861 pecuniam
1383 1796 1684 1863 podulabat:
1734 1812 1791 1847 ne
1818 1796 2068 1848 Vitelliani
2088 1796 2272 1863 quidem
2293 1794 2399 1858 ejici
2427 1798 2562 1859 pote·

1276 1943 1302 1962 θ
1307 1942 1635 1963 OOOOO‘OOO‘O

129 2073 142 2088 .
252 1998 257 2001 Ι
352 2040 411 2086 at
433 2041 579 2087 recte
600 2037 781 2100 edidit,
797 2037 1034 2090 Senensis.
1069 2037 1396 2090 Brotier.—8
1418 2040 1505 2090 Ita
1524 2040 1657 2090 Mss.
1680 2044 1736 2090 et
1755 2040 1874 2090 libri
1895 2038 2040 2103 editi,
2060 2043 2260 2104 praeter
2278 2037 2331 2089 J.
2354 2038 2412 2089 F.
2430 2038 2563 2088 Gro-

351 2102 580 2164 novium,
615 2104 701 2169 qui
722 2104 909 2166 edidit,
929 2105 1119 2168 cognita
1140 2105 1297 2166 jussa.
1364 2104 1520 2155 Unde
1543 2106 1746 2155 Illustr.
1767 2105 1995 2155 Huetius
2025 2104 2354 2167 emendabat,
2375 2103 2564 2167 cognito

337 2166 495 2225 ἄπεστι.
561 2166 636 2218 At
654 2183 829 2219 verum
852 2177 951 2230 est,
981 2169 1174 2232 cognita
1205 2184 1363 2220 canu.
1428 2170 1518 2220 Sic
1555 2172 1609 2220 in
1649 2170 1854 2233 Digest.
1888 2169 1980 2220 lib.
2004 2182 2172 2219 nm.
2210 2168 2318 2218 Tit.
2343 2172 2423 2218 lo.
2456 2169 2473 2197 ‘
2495 2167 2564 2218 de

350 2230 568 2295 Injuriis
589 2239 645 2282 et
668 2231 876 2285 famosis
907 2235 1129 2286 libellis.’
1175 2236 1290 2299 leg..
1317 2238 1397 2284 1⁷.
1435 2249 1504 2284 ex
1542 2235 1801 2299 Ulpiano:
1835 2237 1851 2263 ‘
1870 2234 1964 2285 An
1987 2239 2420 2299 praetor....causa
2440 2247 2563 2297 cog·

351 2296 484 2358 nita,
516 2298 617 2362 ipsi
649 2299 737 2363 qui
770 2300 1005 2364 injuriam
1027 2301 1291 2365 accepisse
1314 2299 1535 2363 dicetur,
1564 2299 1824 2364 judicium
1846 2299 2021 2350 dabo.'
2090 2300 2402 2349 Breuem—4
2434 2298 2564 2348 Μαι.

352 2359 505 2410 Harl.
525 2362 634 2413 Jes.
670 2364 911 2428 μῶυ-5
947 2365 1032 2415 lta
1055 2366 1187 2415 bene
1209 2366 1338 2415 Mss.
1375 2365 1528 2416 Harl.
1549 2364 1662 2417 Jes.
1688 2366 1966 2415 Rhenanus
2002 2370 2058 2414 et
2096 2365 2430 2416 recentiores.
2496 2363 2564 2413 In

352 2425 458 2476 Μ..
486 2428 615 2490 Reg.
640 2436 696 2478 et
717 2430 945 2479 editione
966 2431 1222 2496 principe,
1246 2429 1538 2482 Cirensibas.
1602 2432 1709 2481 Ms.
1743 2430 1896 2479 Bodl.
1933 2437 1989 2480 et
2021 2430 2362 2490 Puteolanus,
2385 2429 2565 2493 Cyren-

349 2490 499 2542 sibns.
565 2493 665 2543 Ms.
687 2492 818 2558 Agr.
842 2494 1160 2544 Cretensibus.
1228 2496 1454 2545 Brotier.
2278 2527 2283 2534 ·

417 2561 446 2605 l
482 2557 751 2608 Brotierus
773 2574 891 2609 cum
916 2560 1120 2624 Ryckio
1157 2565 1213 2610 et
1249 2560 1479 2610 Gronov.
1521 2560 1720 2625 scribit,
1756 2562 1900 2609 ledus
1930 2558 1985 2608 in
2017 2559 2211 2608 eandem
2244 2572 2390 2621 spem.
2456 2556 2564 2608 Ms-

354 2620 491 2684 Reg.
529 2628 586 2673 et
625 2622 787 2673 editio
817 2626 1080 2690 princeps,
1113 2626 1259 2673 lectus
1290 2627 1452 2675 eadem
1486 2625 1655 2689 specie.
1720 2623 1978 2675 Tentabat
2000 2624 2258 2684 MuretuS,
2295 2624 2476 2672 erectas
2509 2621 2564 2669 in

348 2686 542 2736 eandem
559 2700 704 2751 spem.
739 2689 822 2742 Cl.
835 2690 1062 2754 Ernest„
1082 2689 1280 2754 illectum,
1291 2692 1374 2741 vel
1388 2691 1583 2741 allectus
1595 2706 1612 2741 .·
1632 2690 1815 2740 illectu
1833 2688 2097 2753 recipiunt
2108 2687 2322 2752 Bipont.
2355 2686 2565 2737 Broc.—

1351 2841 1565 2893 NOTAE

349 2953 547 3013 patres,
568 2954 630 2999 ut
659 2964 749 3001 eos
783 2950 848 3002 ad
883 2952 1161 3004 vindictam
1201 2954 1418 3019 privata

301 3057 308 3061 -
347 3019 554 3088 injuriae
576 3026 907 3079 accenderet.
970 3029 1091 3082 Jam
1111 3030 1207 3080 snb
1231 3031 1418 3094 princi·

347 3099 501 3163 pibus
536 3101 805 3154 imminuta
826 3103 1051 3168 dignitas
1094 3112 1323 3170 patrum,
1361 3113 1419 3156 et

348 3175 419 3227 ob
456 3191 743 3241 nnmerum,
777 3187 834 3229 et
870 3180 939 3229 ob
976 3187 1158 3234 tenues
1196 3196 1339 3245 opes,
1362 3188 1420 3232 et

347 3252 471 3316 quia
510 3253 695 3303 remoti
730 3255 806 3304 illi
845 3269 1031 3321 magna
1084 3273 1151 3308 ex
1203 3266 1353 3323 parte
1385 3272 1419 3308 a

346 3328 534 3393 repub.
556 3330 817 3396 regenda,
849 3348 946 3384 nec
960 3334 1073 3399 jam
1093 3333 1309 3401 publica
1329 3349 1417 3385 ne·

342 3409 488 3471 gotia
519 3407 833 3460 decidebant
869 3412 1062 3463 modici
1098 3421 1298 3479 patres,
1328 3415 1418 3480 qui

342 3482 455 3533 fere
499 3483 773 3547 dignitates
821 3501 923 3536 non
975 3488 1416 3553 adipiscebantur,

337 3572 517 3627 ‚neque
552 3560 845 3623 provincias
870 3563 1153 3627 regebant:
1205 3571 1261 3615 et
1299 3566 1419 3631 quia

343 3635 550 3688 inducti
584 3638 707 3689 socii
733 3640 1082 3702 opulentiores
1113 3642 1168 3691 in
1202 3643 1417 3707 curiam,

255 3767 260 3772 ,
347 3721 406 3765 et
427 3715 541 3778 jam
562 3715 711 3765 multi
736 3722 1001 3779 senatores
1033 3724 1197 3782 erant,
1219 3719 1308 3784 qui
1332 3732 1417 3767 ne·

348 3805 449 3855 que
474 3790 654 3840 urbem
674 3805 843 3856 neque
863 3792 1059 3843 curiam
1078 3792 1334 3845 viderant.

413 3864 439 3899 ¹¹
472 3867 809 3932 Additamque,
826 3867 934 3933 ξω]
992 3869 1081 3919 Sic
1099 3867 1278 3934 fiebat,
1299 3885 1417 3921 cum

346 3944 502 4009 plebs
539 3941 804 3995 admoneri
838 3945 1045 4009 publice
1068 3945 1307 4009 deberet,
1329 3946 1417 3997 de-

349 4029 552 4086 cretum
577 4029 801 4086 patrum,
825 4022 964 4087 quod
982 4024 1220 4076 consules
1242 4023 1418 4075 edicto

351 4116 445 4151 suo
463 4101 897 4166 promulgabant:
933 4109 1058 4152 tunc
1076 4110 1248 4154 autem
1264 4105 1417 4156 ambo

350 4177 589 4228 consules
627 4178 866 4242 aberant,
919 4178 1265 4244 Vespasianus
1303 4180 1416 4232 scil.

350 4260 409 4306 et
429 4251 602 4306 Titus.

415 4329 430 4366 ¹
464 4331 832 4398 Cyrenensibus]
879 4313 1172 4398 Cyrenaica
1210 4334 1416 4399 provin-

1498 2954 1583 3004 cia
1627 2953 1806 3017 Libyae
1844 2952 2070 3018 regionis
2112 2951 2168 3001 in
2212 2948 2396 2999 Africa
2437 2946 2566 2997 cite-

1497 3030 1668 3080 riore:
1717 3030 1868 3080 bodie
1906 3045 2026 3095 pars
2062 3024 2397 3078 occidentalis
2418 3022 2566 3086 regni

1498 3112 1557 3156 et
1574 3106 1767 3156 deserti
1788 3107 1969 3167 Barea,
1991 3106 2044 3154 in
2075 3101 2328 3153 Barbaria
2349 3105 2404 3151 et
2425 3099 2566 3149 Bile·

1498 3182 1733 3247 dulgerid
1759 3181 2073 3246 regionibus.
2554 3191 2559 3200 ·

1567 3259 1772 3325 Cyrene]
1841 3259 1977 3309 Urbs
2017 3257 2319 3324 Cyrenaicae
2357 3253 2567 3321 provin-

1498 3336 1625 3386 ciae:
1675 3335 1831 3386 hodie
1873 3336 2096 3397 Comen,
2132 3333 2379 3398 oppidum
2417 3325 2567 3395 regni

1496 3414 1685 3464 Barcae
1734 3428 1912 3464 versus
1969 3427 2128 3476 oram,
2179 3412 2234 3461 in
2287 3409 2565 3461 Barbaria.

1502 3491 1753 3541 Tillernon.
2080 3485 2086 3490 ’

1560 3566 1580 3610 ³
1608 3569 1783 3617 Lectus
1803 3567 1857 3616 in
1878 3568 2071 3616 eandem
2110 3579 2238 3628 spem
2260 3579 2285 3613 e
2306 3561 2567 3626 legionibus

1495 3644 1652 3707 miles]
1684 3645 1764 3693 Ex
1787 3643 2044 3693 Flavianis
2063 3640 2333 3705 partibus3
2367 3645 2425 3688 ut
2443 3650 2566 3688 vero

1498 3736 1653 3788 quam
1676 3721 1986 3770 simillimum
2010 3718 2267 3779 videatur,
2283 3716 2471 3766 multos
2493 3714 2569 3786 le-

1495 3797 1844 3861 gionariorum
1864 3795 2068 3847 facilius
2089 3793 2330 3843 inductos
2352 3807 2484 3856 esse,
2506 3797 2566 3842 ut

1496 3874 1588 3926 isti
1626 3889 1685 3925 se
1723 3874 1800 3923 rei
1834 3875 2132 3936 miscerent,
2153 3877 2301 3920 tanta
2325 3867 2567 3920 beneficii

1496 3966 1608 4015 spe.
1673 3950 1825 4001 Sunii.
2158 4002 2163 4006 ,

1562 4027 1689 4090 Alii,
1727 4031 1925 4076 erectas.
2007 4024 2112 4075 Sed
2153 4024 2320 4087 miles,
2352 4023 2472 4088 quia
2510 4022 2566 4073 in

1496 4117 1641 4167 spem
1670 4100 1997 4166 praetorianae
2020 4099 2216 4148 militiae
2239 4100 2409 4148 electus
2430 4104 2566 4159 erat,

1496 4177 1855 4243 repetentibus
1871 4191 1984 4228 eam
2001 4176 2132 4240 aliis,
2148 4175 2446 4252 promissam
2464 4172 2564 4226 sibi

1495 4254 1784 4323 flagitabat.
1849 4253 2115 4307 Acidaliae.
2200 4301 2204 4308 .
