3050 4917
422 399 482 458 3⁴.
505 400 567 454 C.
587 399 701 464 θα]

1087 389 1623 443 meromARUu
1669 388 1743 438 u
1755 389 1818 439 Ba.
1866 390 1982 440 111.

2452 371 2654 446 2⁷76*

427 514 846 607 Germanicis
866 538 1260 604 exercitibus
1288 536 1481 616 soret,
1510 537 1904 621 obsepserat
1924 542 1968 601 :⁵
2013 553 2169 621 quae
2195 535 2425 620 ignara
2451 535 2629 610 Vaa-

425 646 729 731 pasian0‚
781 648 893 708 aut
912 641 1163 707 ‘vetitaz
1208 641 1459 726 quippe
1512 644 1534 673 ‘
1567 638 1898 725 Aquileiae
1926 641 2076 707 sisti
2101 640 2350 708 belhm
2371 661 2631 726 apoc-

372 855 389 870 ,
424 783 769 880 micitipateret
790 813 963 864 aditus.
1032 785 1164 869 Quas
1182 809 1525 872 resignarem
1553 809 1885 874 Vmor-m,
1913 811 1991 860 αι
2005 809 2318 875 mum.-
2347 810 2521 860 etenim
2537 777 2632 862 'im-

1342 937 1706 962 melenae„

414 1042 551 1080 nes:
582 1026 989 1091 ademtae
1022 1032 1081 1076 et
1116 1025 1348 1076 Gronov·
1413 1025 1486 1075 Ac
1507 1023 1853 1074 omittendum
1885 1023 2142 1088 putabant
2165 1024 2393 1074 Picbena
2416 1028 2472 1073 et
2506 1022 2630 1090 Hp?

402 1095 566 1155 -ἰιιες
588 1093 748 1159 idque
770 1107 941 1143 rerum
966 1092 1151 1142 seriem
1168 1092 1432 1156 postulare
1454 1097 1631 1140 censet
1648 1091 1948 1141 Brotierus:
1977 1090 2051 1140 sic
2075 1098 2131 1142 et
2152 1090 2464 1155 Bipont.—5
2487 1090 2644 1140 Male

1424 1235 1638 1288 NOTAE

421 1344 586 1409 facto,
616 1346 791 1397 Rbaeti
819 1317 1163 1410 dermanique
1181 1359 1243 1395 ea
1264 1345 1488 1394 claustra

419 1430 839 1491 perrumperent.

487 1499 635 1549 Infra
657 1506 738 1551 15.
759 1501 776 1529 ‘
793 1500 986 1564 Ingens
1010 1499 1384 1549 Germanorum
1408 1497 1483 1548 vis

1633 1347 1704 1396 Et
1741 1361 1835 1411 per
1855 1346 2151 1409 interiectum
2172 1347 2449 1410 exacuam,
2469 1347 2630 1404 hasce

1565 1425 1741 1488 copias
1765 1425 2026 1490 intelligit,
2060 1426 2171 1476 scil.
2203 1427 2329 1475 alam
2348 1426 2632 1490 Autriconum,

1556 1506 1664 1551 octo
1681 1504 1904 1566 cohortes,
1936 1506 2018 1568 ξε.
2055 1504 2152 1553 nisi
2174 1504 2309 1569 quod
2332 1504 2416 1553 bie
2446 1503 2514 1554 de
2535 1503 2569 1556 J
2575 1519 2629 1554 u·

418 1591 519 1641 per
542 1575 798 1627 Rbaetiam
822 1576 1142 1626 timebatur.’
1193 1576 1382 1641 Itaque
1400 1591 1486 1628 ve·
1549 1577 1646 1629 'liis
1686 1578 1906 1642 Alpibus
1947 1579 2127 1642 addit3
2163 1580 2348 1645 quibus
2386 1580 2631 1645 obsessis,

421 1654 682 1706 risimilius
720 1662 820 1718 est,
857 1662 916 1705 ut
947 1656 1238 1719 interjectae
1272 1655 1376 1704 sint
1401 1670 1484 1706 co-

422 1735 524 1801 piae
534 1736 895 1786 Flavianorum
914 1736 1049 1786 inter
1062 1733 1312 1787 Rhaetiain
1328 1742 1384 1785 et
1394 1736 1486 1788 Ju-
1504 1731 1509 1736 ”

421 1811 518 1861 lias
533 1811 713 1875 Alpes,
733 1819 793 1862 ut
809 1813 905 1863 bac
926 1820 1076 1877 parte
1092 1812 1259 1862 aditus
1275 1813 1485 1863 claude-

362 1889 376 1898 ‘
419 1895 567 1938 retur
586 1889 908 1940 Germanicis
929 1890 1267 1953 exercitibus,
1299 1905 1365 1940 ne
1386 1891 1484 1940 hac

423 1964 506 2014 via
527 1964 908 2016 descenderent
933 1967 1104 2017 Rhaeti
1128 1968 1484 2033 Germanique

420 2042 476 2091 in
516 2043 751 2093 Italiam:
788 2045 965 2109 sicque
1001 2059 1126 2094 vere
1150 2045 1167 2074 ⁴
1197 2044 1485 2110 intersepta

421 2119 796 2170 Germanorum
829 2123 1229 2190 Rbaetorumque
1253 2122 1481 2186 auxilia,'

421 2204 482 2246 ut
496 2197 667 2263 jactat
690 2196 946 2249 Antonius
968 2197 1119 2249 infra.

489 2274 561 2323 Et
603 2274 694 2324 illa
733 2274 921 2325 auxilia
967 2275 1205 2338 Rumina,
1245 2275 1484 2328 exercitus

420 2352 601 2401 vocari
655 2353 882 2402 nondum
937 2359 1233 2417 potuerunt.
1323 2351 1399 2402 At
1440 2353 1483 2404 si

409 2426 724 2477 'Germanici
744 2429 1066 2492 invasissent,
1100 2433 1206 2477 tum
1228 2427 1281 2477 id
1304 2429 1483 2478 exerci-

415 2504 496 2553 iics
516 2505 693 2555 vocari
715 2505 902 2569 potuit.

428 2593 433 2600 ·
487 2581 768 2642 Intem’ectus
788 2581 1048 2645 exercitus]
1081 2581 1325 2647 Intellige
1348 2583 1481 2633 alam

417 2655 699 2710 Aurianam
740 2666 795 2709 et
839 2666 961 2709 octo
997 2661 1254 2722 cohorteS,
1294 2657 1480 2724 quibus

419 2745 648 2804 praeerat
675 2736 923 2788 Sextilius
958 2737 1125 2799 Felix,
1159 2751 1324 2801 supra
1356 2752 1406 2786 c.
1429 2742 1479 2788 5.

418 2820 477 2861 et
495 2810 695 2862 fallitur
714 2815 974 2879 interpres
999 2814 1228 2865 Gallicus
1257 2814 1347 2879 qui
1372 2829 1481 2862 ver-

417 2888 502 2954 tit,
540 2890 683 2952 quasi
719 2891 1004 2940 Veronensi
1040 2891 1272 2941 exercitu
1321 2891 1480 2941 inter-

407 2965 576 3029 jecto,
603 2966 807 3016 Primus
843 2966 1160 3031 obsepsisset
1191 2967 1388 3031 Alpes:
1423 2973 1482 3017 at

418 3052 566 3092 certe
584 3044 755 3094 ,nullus
777 3044 1038 3094 exercitus
1058 3046 1304 3094 remansit
1319 3046 1481 3094 Vero-

418 3132 518 3172 1!ae-

482 3197 620 3248 Nam
642 3197 901 3248 Antonius
921 3213 1038 3263 cap.
1074 3202 1152 3249 15.
1185 3199 1200 3225 ‘
1226 3198 1479 3250 Universo

416 3289 537 3325 cum
558 3275 823 3337 exercitu,
837 3274 1074 3325 secundis
1096 3291 1129 3324 a
1148 3276 1354 3325 Verona
1372 3291 1479 3325 cas-

419 3352 534 3415 tris,
558 3397 561 3400 A
582 3352 901 3402 Bedriacum
939 3349 1119 3404 'venia’
1207 3353 1481 3404 Describit

414 3428 502 3480 hic
538 3429 745 3479 Tacitus
782 3436 952 3480 totum
990 3429 1223 3479 ordinem
1262 3430 1387 3479 belli
1424 3436 1480 3480 et

331 3534 335 3540 ‚
418 3507 707 3571 copiarum,
749 3514 809 3557 ut
861 3516 1101 3558 occurrat
1142 3523 1230 3557 seu
1270 3522 1481 3572 respon·

414 3583 542 3634 deat
575 3584 805 3634 consiliis
842 3585 1165 3649 Vespasiani,
1203 3599 1320 3650 quai
1359 3590 1481 3649 post

414 3675 502 3711 res
525 3658 895 3714 afferebantur.

482 3740 553 3787 Et
572 3738 843 3800 interjectus
864 3738 1123 3803 exercitus]
1156 3738 1315 3802 Puto,
1327 3738 1481 3790 iutel-

408 3816 682 3879 figitidem
703 3815 839 3880 quod
861 3831 1020 3880 supra
1037 3817 1190 3867 habet
1209 3832 1258 3867 c.
1274 3824 1322 3867 5.
1341 3817 1358 3845 ‘
1376 3818 1479 3867 Po-

411 3892 589 3948 sitain
629 3894 763 3943 latus
801 3894 1008 3956 auxilia,
1045 3893 1239 3944 infesta
1275 3895 1512 3945 Rbaetia*

415 4003 522 4022 ....
549 3971 722 4035 Igitur
761 3972 1006 4021 Sextilius
1041 3972 1189 4021 Felix
1232 3986 1348 4021 cum
1394 3973 1477 4022 ala

405 4047 645 4098 Auriana
668 4057 724 4097 et
746 4055 866 4097 octo
889 4050 1186 4099 cohortibus
1221 4065 1282 4100 ac
1322 4050 1475 4100 Nori-

405 4137 592 4174 -corurn
614 4126 916 4188 juventute,
949 4130 1012 4174 ad
1032 4127 1388 4190 occupandam
1412 4128 1478 4177 ri-

408 4214 534 4263 ·pam
564 4200 682 4250 AEui
705 4198 944 4265 fluminis,
964 4202 1103 4266 quod
1138 4204 1347 4255 Rboetos
1371 4203 1479 4255 No-

415 4275 940 4343 ricosque-interfluit,
960 4278 1178 4329 missus?

1564 1655 1983 1720 impediebantur
2028 1657 2278 1707 transitus
2322 1657 2629 1710 auxiliorum

1567 1732 2011 1785 Germanicorum.

1631 1811 1783 1863 Quod
1805 1816 1861 1860 et
1881 1812 2046 1862 innuit
2067 1808 2198 1861 infra
2217 1811 2252 1860 l.
2270 1824 2347 1860 lv.
2367 1808 2627 1862 Antonius

1566 1887 1735 1950 Epist.
1758 1889 1822 1937 ad
1846 1889 2248 1952 Vespasianum:
2285 1888 2302 1917 ‘
2318 1888 2435 1938 Suis
2453 1889 2631 1940 stimu-

1565 1964 1629 2013 lis
1649 1998 1662 2013 .
1680 2000 1693 2015 .
1706 2001 1720 2016 .
1733 2000 1747 2016 .
1761 1972 2071 2030 occupatam
2086 1966 2315 2028 Italiam,
2338 1967 2630 2030 intersepta

1566 2042 1944 2092 Germanorum
1964 2044 2369 2107 eraetorumque
2386 2042 2581 2092 auxilia
2596 2041 2630 2102 ς’

1522 2153 1528 2160 -
1563 2126 1622 2169 ut
1645 2126 1794 2184 puto,
1817 2119 1931 2185 ips'o
1954 2120 2139 2169 eodem
2161 2121 2416 2183 exercitu,
2438 2118 2503 2168 de
2524 2129 2626 2186 qua

1530 2244 1537 2251 ,
1564 2209 1611 2245 ο.
1634 2202 1684 2246 5.

1625 2274 1699 2324 Et
1719 2274 1855 2323 male
1876 2275 1973 2324 hoc
1994 2274 2108 2325 loco
2126 2290 2171 2325 c.
2190 2278 2237 2324 8.
2255 2274 2458 2338 legunt,
2480 2272 2630 2334 inter?

1560 2354 1720 2414 septas
1752 2352 2015 2400 exercitas.-
2068 2365 2187 2406 nam
2230 2350 2386 2401 immo
2426 2350 2494 2401 ab
2532 2351 2630 2402 illo

1564 2427 1800 2482 exercitu
1822 2428 2079 2492 intersepta
2099 2434 2154 2477 et
2178 2428 2461 2479 interclusa
2484 2425 2627 2479 auxi-

1562 2504 1635 2553 lia
1675 2504 1914 2555 Rhaetica
1936 2512 1991 2554 et
2029 2505 2374 2556 Germanica:
2411 2513 2468 2557 et
2505 2505 2628 2558 ideo

1562 2581 1873 2645 interjectus
1892 2582 1979 2631 ille
2002 2583 2282 2645 exercitus,
2299 2588 2359 2633 ut
2379 2583 2628 2638 interclu-

1563 2659 1713 2707 deret
1747 2658 1836 2707 illa
1872 2658 2083 2721 auxilia,
2120 2666 2279 2723 atque
2322 2660 2547 2710 transitu
2569 2659 2626 2711 in

1562 2735 1765 2784 Italiam
1789 2735 2107 2799 prohiberet.

1632 2812 1697 2861 Et
1719 2812 1994 2873 interjectus
2013 2810 2274 2875 exercitus]
2308 2810 2485 2876 Copiis
2522 2809 2626 2862 illis

1563 2903 1624 2938 ac
1647 2888 1888 2952 praesidio
1909 2888 2196 2938 Veronensi
2218 2891 2511 2939 occluserat
2533 2887 2627 2942 Ab·

1563 2980 1657 3031 pes
1679 2966 1865 3028 Julius,
1883 2981 1947 3016 ex
1966 2973 2118 3030 parte
2130 2966 2446 3028 Pannoniae3
2473 2964 2627 3016 simul

1564 3053 1622 3094 et
1658 3045 1916 3096 Rbaetiam
1951 3044 2324 3108 intersepserat
2345 3044 2626 3108 Antonius,

1562 3136 1628 3171 ne
1668 3124 1755 3172 illa
1785 3130 2185 3187 perrumperent
2214 3122 2516 3174 Germanici
2537 3137 2628 3173 ex·

1562 3198 1774 3249 ercitus.

1626 3275 1651 3311 ¹²
1683 3277 1782 3325 Per
1803 3276 2045 3327 Rhoetiam
2064 3276 2315 3340 Juliasqae
2334 3275 2504 3341 Alpes]
2537 3275 2624 3328 Ab

1561 3361 1682 3404 ortu
1702 3354 1755 3403 in
1779 3368 2018 3403 occasum
2043 3354 2310 3413 euntibus,
2345 3362 2465 3418 post
2505 3356 2626 3405 Car·

1560 3432 1693 3482 nicos
1713 3431 1878 3495 Alpes
1906 3431 2070 3481 Julioe-
2082 3439 2385 3492 occurrunt,
2420 3431 2625 3497 quarab

1560 3509 1798 3559 Tarvisio
1821 3510 1871 3558 in
1892 3507 2136 3558 Noricum
2155 3517 2210 3557 et
2226 3506 2491 3559 Austriam
2513 3522 2632 3572 per-

1559 3586 1775 3636 ducunt.
1807 3584 2048 3648 Lupum.
2143 3647 2156 3652 ἱ
2603 3637 2610 3642 ,
2710 3630 2717 3636 .

1624 3662 1873 3725 Julinsque
1894 3659 2066 3725 Alpes]
2101 3659 2264 3723 Alpes
2281 3659 2461 3723 Julian,
2482 3672 2626 3719 mone
2705 3665 2712 3666 ’

1561 3744 1644 3790 tes
1693 3739 1873 3798 Norici
1924 3745 1979 3786 et
2026 3737 2309 3786 Pannoniae
2358 3736 2628 3800 regionum

1557 3816 1763 3881 Illyrici
1787 3818 1887 3865 late
1907 3815 2084 3876 sumti,
2123 3822 2279 3879 atque
2311 3813 2548 3865 Venetiae
2569 3820 2629 3865 et

1560 3893 1775 3944 Histriae
1814 3893 2036 3957 regionis
2073 3891 2281 3942 Italiae:
2314 3891 2467 3941 bodie
2506 3892 2628 3943 Cu-

1557 3972 1644 4034 lin,
1668 3978 1723 4021 et
1747 3972 1908 4020 Mousti
1932 3972 2054 4020 della
2084 3970 2231 4041 Vena,
2267 3969 2317 4018 in
2344 3968 2628 4033 Forojulio‚
2690 4014 2695 4018 .

1559 4047 1783 4109 Histria,
1800 4055 1855 4097 et
1879 4048 2071 4098 ducatu
2095 4046 2399 4108 Carintliiae,
2419 4045 2627 4111 prosin-

1558 4124 1652 4172 ciis
1678 4132 1843 4173 status
1878 4123 2071 4173 Veneti
2094 4131 2148 4174 et
2172 4123 2353 4173 circuli
2376 4122 2627 4174 Austriae.

1622 4276 1637 4310 ἱ
1668 4276 1749 4338 Ne
1783 4276 2001 4342 pervium
2032 4276 2146 4343 illa]
2196 4275 2310 4348 Iup,
2344 4273 2627 4341 sientqua,
