3050 4917
469 398 648 467 3078
1182 411 1249 463 o.
1267 418 1274 424 ·
1295 407 1661 461 consum
1702 407 1963 459 'rama-1
2358 406 2451 479 [Αἱ.
2469 411 2539 465 υ.
2560 411 2685 465 sss.

474 561 655 632 tibus
700 558 976 625 Pau-um
1021 555 1280 624 animis.
1369 555 1578 635 Quod
1626 557 1745 621 uhi
1801 554 2013 619 sensit
2062 551 2689 633 nmen-iatam

476 662 810 727 excedens
869 663 1091 729 curin
1152 664 1174 695 ‘
1202 658 1434 738 Imus,'
1481 659 1723 743 inquit,
1768 660 1792 692 ‘
1816 656 2080 735 Prisce,
2120 661 2205 721 -et
2247 655 2687 739 relinquimus

476 758 600 830 tibi
648 766 965 830 Senatum
989 771 1210 830 tuum:
1252 780 1477 846 regna,
1514 765 1846 847 praesente
1874 759 2181 827 Caesaoe?
2268 760 2691 845 Sequebatur

475 867 724 933 Vibius
773 867 1092 953 Crispus:
1150 865 1351 931 ambo
1392 864 1685 945 infensi:
1707 865 1896 931 vtutu
1944 863 2247 929 diverso:
2318 856 2688 927 Marcellus

370 1033 374 1037 ,
476 972 852 1035 minacibus
879 967 1115 1049 oculis,
1146 966 1431 1052 Crispus
1472 966 1812 1032 renidens:
1858 965 2071 1050 donec
2108 983 2387 1031 accursu
2433 965 2691 1030 amico-
2732 989 2739 992 ·

478 1091 623 1137 rum
675 1073 1180 1138 ‘retraherentun
1285 1069 1455 1138 (ium
1511 1072 1823 1153 glisceret
1875 1077 2230 1148 certamen,
2286 1071 2437 1134 hino
2495 1065 2695 1132 multi

477 1176 791 1259 bonique,
820 1175 972 1239 inde
998 1175 1203 1259 pauci
1229 1178 1295 1238 et
1317 1171 1553 1251 validi,
1600 1173 2050 1264 pertinacibus
2098 1172 2270 1237 odiis
2318 1169 2695 1247 tenderent,

481 1283 868 1342 consumtus
902 1297 1020 1362 per
1048 1276 1450 1343 discordiam
1479 1276 1650 1344 dies.
1926 1267 1929 1272 ’
2058 1349 2069 1360 ,

490 1436 495 1444 .
566 1380 675 1443 44.
721 1380 1041 1445 Proximo
1098 1380 1375 1459 Senatu,
1447 1378 1797 1444 inchoante
1853 1377 2121 1444 Caesare
2172 1380 2193 1410 ‘
2216 1375 2301 1440 de
2357 1374 2698 1450 abolendo

483 1482 710 1547 dolore
738 1485 994 1568 iraque,
1025 1490 1096 1550 et
1136 1483 1429 1568 priorum
1452 1488 1823 1566 temporum
1851 1478 2402 1555 necessitatibus‚’
2432 1477 2707 1542 censuit

487 1583 847 1650 Mucianus
876 1586 1134 1670 prolixe
1182 1606 1301 1671 pro
1349 1585 1893 1652 accusatoribus:
1939 1584 2137 1649 simul
2161 1601 2305 1660 eOS,
2351 1582 2469 1665 qui
2501 1599 2701 1663 coep·

484 1690 645 1764 tam,
687 1684 842 1777 (lein
872 1688 1217 1767 omissam,
1263 1690 1595 1754 actionem
1637 1692 2031 1771 repeterent,
2079 1685 2338 1750 monuit
2387 1697 2702 1747 sermone

481 1785 691 1866 molli,
735 1794 803 1855 et
851 1794 1169 1875 tanquam
1216 1792 1498 1875 rogaret.
1588 1789 1823 1857 Patres
1852 1793 2249 1874 coeptatam¹
2289 1786 2701 1864 libertatem,

483 1994 674 2045 nuituis.
742 1995 883 2052 Quod
913 2002 1159 2061 postquam
1187 2000 1527 2049 animadvertit
1550 2000 1826 2060 Marcellus,
1857 1998 1991 2063 quusi
2017 1996 2173 2046 abiret
2193 2010 2220 2045 e
2237 2001 2401 2045 senatu
2415 2012 2432 2043 .·
2464 1993 2709 2057 Eximus,

484 2060 655 2122 inquit,
677 2059 910 2120 Helvidi,
933 2069 989 2111 et
1011 2064 1359 2125 permittimus
1392 2064 1490 2114 tibi
1524 2072 1761 2116 senatum
1782 2070 1958 2113 tuum:
1993 2063 2214 2126 impera,
2232 2060 2445 2109 vidente
2471 2060 2711 2109 Caesare.

488 2124 559 2173 Et
579 2125 892 2175 conflabatur
913 2141 1030 2177 eum
1058 2128 1225 2179 Vibius
1249 2130 1473 2193 Crispus.-
1504 2130 1638 2179 ambo
1670 2128 1852 2192 infesti,
1881 2143 1962 2177 ore
1994 2127 2247 2177 dissimiii=
2280 2125 2465 2189 Eprius
2489 2123 2709 2172 trucibus

487 2188 650 2249 oculis,
680 2190 849 2240 Vibius
868 2194 1076 2256 maligne
1102 2195 1262 2243 ridens
1276 2211 1294 2243 .-
1324 2197 1469 2245 donee
1501 2194 1796 2271 effluentibus
1828 2194 2012 2254 amieis,
2048 2192 2380 2242 retinerentur.
2451 2190 2577 2237 Cum
2598 2188 2713 2249 jur·-

481 2253 1004 2328 giem-ingravesceret,
1022 2257 1133 2307 hinc
1149 2259 1344 2322 plurimi
1365 2263 1655 2323 egregiique,
1665 2261 1775 2309 inde
1791 2259 1935 2323 pauci
1957 2262 2004 2308 et
2025 2258 2364 2321 praeponentes,
2377 2254 2712 2318 pervicacibus

487 2332 660 2367 animis
681 2322 961 2386 niterentur,
985 2319 1060 2372 sic
1082 2323 1324 2373 absumta-s
1345 2332 1426 2373 est
1442 2338 1528 2388 per
1546 2326 1875 2386 dissensionem
1895 2325 2013 2373 dies.

515 2446 527 2457 .
557 2382 720 2433 Pn‘mo
750 2392 933 2447 sesima,
972 2388 1224 2451 incipiente
1253 2390 1530 2439 Domitiano
1553 2391 1618 2438 de
1643 2388 1966 2439 obliterando
1991 2387 2169 2437 dolore
2193 2385 2434 2449 odioque,
2471 2390 2529 2434 et
2550 2398 2711 2447 supe-

486 2461 680 2497 riorum
704 2455 997 2513 temporum
1020 2454 1424 2516 calamitatibus,
1458 2455 1681 2503 disseruit
1707 2454 1962 2504 Mucianus
1994 2452 2158 2501 multis
2190 2450 2344 2499 verbis
2371 2465 2457 2513 pro
2481 2450 2713 2498 delatori-

490 2511 601 2561 bus.-
633 2513 780 2564 etiam
802 2530 895 2578 eos,
918 2517 998 2580 qui
1016 2518 1301 2582 inchoatam,
1331 2520 1441 2568 dein
1459 2520 1692 2580 relictam,
1724 2520 2037 2582 cognitionem
2066 2520 2361 2577 renovarent,
2393 2515 2619 2563 hortatus
2640 2518 2712 2562 est

488 2578 596 2626 nveiti
616 2580 920 2646 ‘tumentique
937 2582 1166 2647 oratione,
1184 2588 1233 2633 et
1251 2590 1479 2649 tanquam
1495 2590 1790 2650 precaretur.
1856 2583 2395 2645 Senatores'oooupatam
2415 2579 2710 2642 libertatem,

1414 2741 1769 2762 OOOOOOOOOOO

556 2826 583 2871 1
619 2821 706 2872 Sic
729 2823 859 2876 Mes.
883 2825 1024 2875 Flor.
1048 2826 1201 2875 Bodl.
1226 2825 1403 2878 Guelf.
1430 2828 1773 2891 Puteolanus,
1788 2785 2018 2876 Pieliena
2035 2834 2091 2876 et
2110 2825 2450 2877 recentiores.
2517 2824 2586 2874 In
2606 2825 2714 2877 Ms.

489 2887 599 2942 Jes.
620 2893 818 2952 ooeptm
836 2890 1100 2941 libertatem
1110 2908 1132 2951 ,-
1164 2898 1222 2941 et
1243 2892 1318 2943 sio
1340 2892 1574 2943 Gronov.
1624 2894 1726 2944 Ms.
1751 2892 1886 2958 Reg.
1919 2898 1978 2943 et
2010 2892 2174 2943 editio
2208 2892 2472 2957 princeps,
2507 2896 2716 2954 emptum

1486 3085 1707 3141 NOTAE

493 3227 707 3292 quentia
739 3228 829 3279 ille
862 3233 1011 3282 recte
1050 3245 1173 3279 usus
1211 3235 1368 3292 esset,
1409 3236 1463 3281 et
1502 3230 1558 3280 in
1639 3227 1840 3281 infestis
1884 3229 2120 3296 patribus
2158 3242 2326 3293 nuper
2348 3223 2535 3293 Eprius
2568 3229 2715 3280 Mar·

491 3305 710 3353 salutem
729 3306 922 3354 civium
936 3322 964 3367 3,
986 3307 1088 3356 iste
1104 3320 1225 3356 vero
1243 3308 1295 3356 in
1312 3308 1556 3358 exitium:

491 3393 655 3446 qnare
673 3382 746 3432 sic
770 3383 986 3446 Eprium
1022 3390 1077 3433 et
1105 3384 1301 3434 crimine
1323 3386 1560 3449 urgebat,

493 3464 554 3507 ut
576 3458 664 3523 qni
702 3459 998 3523 perieulum·
1019 3460 1163 3510 bonis
1182 3457 1455 3523 secessisset
1474 3463 1561 3512 sub

495 3535 683 3585 Nerone
704 3543 760 3585 et
780 3539 1010 3602 exemplo,
1043 3539 1130 3604 qui
1165 3539 1359 3590 divitiis
1382 3548 1437 3589 et
1459 3542 1563 3590 elo-

491 3613 706 3676 quentia
724 3628 824 3661 non
844 3621 989 3663 recte
1005 3628 1125 3664 usus
1147 3622 1307 3679 esset,
1323 3616 1564 3681 quemad-

493 3688 702 3738 modum
727 3689 958 3740 Cluvius.

558 3774 579 3798 ²
614 3768 894 3831 Marcellus]
949 3768 1052 3819 Hic
1106 3770 1260 3820 homo
1313 3771 1561 3837 eloquens

493 3843 679 3907 magis,
701 3859 852 3908 quam
876 3846 1082 3910 sapiens
1108 3856 1200 3898 aut
1222 3848 1407 3913 bonuS,
1430 3863 1496 3899 ea
1510 3849 1563 3897 vi

496 3928 826 3971 accusatores
851 3938 1028 3973 omnes
1051 3926 1322 3988 repressit,
1356 3933 1450 3975 aut
1482 3939 1562 3975 re-

485 3998 623 4063 jecit
642 3989 669 4061 ;'
714 4008 771 4050 et
823 4003 972 4052 simul
1015 4004 1392 4068 Vespasianum
1443 4020 1566 4055 mox

496 4089 645 4124 suum
667 4075 814 4127 fecit.

562 4151 718 4205 Quod
753 4154 892 4203 idem
915 4154 1160 4205 observat
1183 4157 1236 4205 in
1252 4156 1409 4207 Vibio
1432 4156 1567 4207 Cris-

497 4233 569 4294 po
589 4236 773 4281 auctor
795 4233 1007 4296 Dialogi
1033 4231 1100 4282 de
1122 4234 1288 4282 causis
1340 4240 1569 4297 orruptoe

499 4306 809 4371 eloquentiae
829 4321 987 4372 super
1004 4308 1100 4359 hac
1122 4321 1206 4360 re:
1239 4312 1254 4339 ‘
1274 4249 1413 4363 quffl
1427 4308 1566 4360 aliud

1636 4231 1839 4298 «dispari
1857 4231 2030 4285 modo.

1641 3308 1824 3370 celius,
1858 3323 2014 3372 quam
2054 3307 2405 3372 eloquentiam
2442 3320 2587 3355 suam
2623 3322 2716 3371 op·

1643 3385 1851 3448 posuit?
1882 3398 2000 3454 cum
2037 3383 2305 3433 accinctus
2329 3390 2385 3431 et
2406 3382 2605 3444 minax,
2637 3382 2715 3431 di-

1643 3469 1836 3512 sertam
1883 3462 2111 3526 quidem‚
2160 3461 2253 3510 sed
2312 3460 2717 3512 inexercitatam

1644 3539 1898 3604 ejusmodi
1919 3539 2281 3601 certaminum,
2306 3547 2359 3587 et
2386 3538 2565 3587 rudem
2589 3537 2716 3589 Hel·

1641 3615 1767 3664 vidii
1796 3615 2103 3679 sapientiam
2126 3614 2318 3665 elusit.'

1709 3693 1829 3744 Jam
1853 3699 1911 3741 et
1949 3692 2015 3742 de
2049 3693 2216 3757 gratia
2248 3692 2387 3759 apud
2422 3691 2715 3756 principem

1634 3769 1834 3821 ,ibidem
1859 3770 1924 3819 de
1948 3770 2049 3819 iilis
2078 3769 2310 3818 duobus:
2346 3772 2361 3797 ‘
2390 3767 2589 3817 Multos
2602 3769 2715 3832 jam

1645 3861 1824 3911 anneS,
1847 3862 1907 3896 ac
1928 3846 2092 3896 donec
2114 3845 2289 3908 libuit,
2311 3847 2573 3909 principes
2594 3844 2716 3908 fori,

1645 3941 1782 3976 nunc
1817 3926 2082 3989 principes
2120 3925 2171 3973 in
2209 3924 2430 3974 Caesaris
2469 3921 2716 3986 amicitia,

1645 4011 1803 4069 agunt
1826 4002 2105 4065 feruntque
2126 4000 2355 4051 cuncta.'
2409 4001 2619 4065 Lipsius.

1709 4088 1734 4113 ⁸
1755 4080 1908 4129 Ambo
1929 4078 2126 4141 infensi]
2160 4078 2224 4127 Id
2247 4086 2349 4140 est,
2389 4079 2530 4128 Iram
2565 4085 2621 4128 et
2644 4078 2715 4127 in·

1647 4155 1999 4220 dignationem
2044 4154 2390 4220 praeferentes
2423 4155 2589 4219 vultu,
2625 4152 2715 4204 sed
