3050 4917
673 353 688 380 Li

495 543 810 618 Bedriaei
854 542 1160 611 victoriae
1218 545 1719 628 temperassent.
1802 539 1963 624 Sed,
2008 541 2129 609 ubi
2158 540 2509 625 Cascina‚¹¹¹
2528 565 2721 633 ,ιπε-

495 655 685 716 texta
737 648 1223 733 lictoribusque
1277 646 1609 730 insignis,¹²
1636 645 1891 711 dimota
1943 646 2161 725 turba,
2193 644 2449 712 Consul
2507 649 2722 716 inces-

496 753 666 832 sit‚¹²
688 761 717 790 ⁰
742 771 1057 818 exarsere
1104 753 1439 819 victores:
1484 756 1507 785 ‘
1539 750 1927 835 superbiam
1980 749 2465 836 saevitiamque'
2510 751 2722 837 (adeo

494 855 716 923 invisa
743 856 1000 923 scelera
1026 852 1213 940 sunt)
1238 856 1437 921 etiam
1470 859 1491 889 ‘
1511 853 1909 941 perfidiam,'
1925 852 2426 939 objectabant.¹³
2487 853 2723 924 obsti-

1205 396 1279 449 n.
1303 395 1695 448 comtum
1736 393 1999 447 'mmm
2386 402 2487 478 [Α.
2508 403 2579 456 υ.
2600 407 2727 462 us.

489 1044 740 1106 postquam
762 1038 973 1101 Coc-ino,
990 1042 1230 1102 proetexto
1250 1042 1299 1088 et
1318 1036 1536 1098 fascibus
1554 1023 1845 1103 conspicuus,
1873 1042 2101 1089 ammoto
2122 1039 2282 1104 vulgo,
2301 1040 2460 1089 ooml
2480 1041 2724 1102 ingresus

497 1112 591 1167 ese,
608 1104 854 1166 indignati
870 1109 979 1154 sunt
995 1105 1215 1164 victores,
1230 1104 1580 1168 arrogantiam
1617 1104 2117 1168 immanitatemque,
2131 1103 2276 1154 etiam
2295 1109 2343 1153 et
2367 1104 2722 1167 proditionem

499 1169 871 1235 exprobrabant,
895 1183 1057 1235 usque
1090 1171 1205 1219 odeo
1241 1171 1438 1233 ingrato
1467 1174 1515 1221 et
1550 1169 1728 1233 inj'esta
1749 1168 1956 1234 flagitia
1987 1174 2115 1221 sunt.
2181 1170 2444 1220 Prohibuit
2462 1170 2725 1242 Antonius,

1434 1311 1491 1332 00
1497 1309 1671 1346 “Ol-0501
1674 1310 1762 1331 000

499 1411 655 1463 editi.
721 1411 788 1463 In
811 1414 937 1466 Mss.
957 1409 1113 1465 Harl.
1136 1412 1292 1466 Bodl.
1309 1413 1422 1467 Jes.
1445 1412 1585 1464 Bud.
1601 1410 1781 1465 Guelf.
1795 1412 1904 1474 ficit
1925 1413 2069 1463 ratio.
2135 1411 2290 1463 Unde
2325 1411 2527 1464 frustra
2551 1419 2724 1464 tenta·

498 1478 594 1528 bat
615 1478 1032 1543 Rhenanus,fuit
1067 1479 1328 1532 miseratio.
1395 1479 1583 1530 Altera
1615 1492 1770 1529 manu
1807 1478 2140 1529 emendatum
2177 1478 2228 1527 in
2250 1478 2356 1531 Ms.
2380 1478 2537 1529 Harl.
2566 1494 2724 1530 recor·

501 1543 648 1594 datio.
700 1544 1002 1595 Idem—12
1051 1544 1340 1609 Per-peram
1376 1544 1432 1595 in
1462 1546 1596 1596 Mss.
1617 1543 1772 1595 Harl.
1793 1543 1905 1596 Jes.
1930 1541 2110 1594 Guelf.
2128 1543 2415 1595 inarsisset.
2482 1544 2724 1596 Secunda

502 1623 658 1660 mauu
679 1609 1014 1660 emendatum
1034 1611 1088 1661 in
1107 1610 1211 1661 Ms.
1234 1610 1342 1663 Jes.
1364 1610 1967 1669 incessit.,Brotier.—18
2000 1609 2105 1660 Ms.
2124 1607 2300 1661 Guelf.
2323 1608 2574 1671 obiectant.

1505 1770 1723 1824 No'rAE

562 1905 601 1933 ⁸¹
622 1897 832 1965 Sedmbi
848 1901 1064 1967 Coecino]
1096 1903 1152 1954 Si
1171 1910 1315 1956 recte
1339 1906 1564 1957 attendi·
1616 1905 1705 1966 ,lis
1729 1917 1974 1969 pompam
1998 1902 2260 1968 exhibuit,
2292 1910 2350 1955 et
2367 1903 2610 1969 exposuit
2628 1917 2720 1955 ve·

501 1993 615 2034 mus
636 1980 835 2043 Tacito,
858 1979 970 2030 fere
1006 1981 1158 2032 simul
1196 1983 1393 2034 obsessi
1426 1985 1566 2035 vela·
1645 1982 1725 2031 lut
1747 1981 1912 2033 oculis
1931 1981 2169 2046 Tacitus»,
2199 1986 2260 2031 ut
2290 1981 2475 2032 horum
2513 1980 2726 2032 calami·

498 2062 679 2108 menta
699 2056 843 2122 pacis
864 2063 1147 2124 ostentant,
1166 2058 1317 2110 simul
1338 2059 1568 2126 prodito·
1645 2065 1833 2124 tatem,
1847 2067 1907 2109 et
1942 2055 2133 2125 perfidi
2171 2056 2322 2111 ducis
2343 2058 2600 2125 flagitium
2639 2059 2729 2111 ha·

501 2135 572 2185 ris
607 2148 761 2199 opem
792 2133 1055 2200 invocant,
1072 2143 1131 2186 ut
1155 2137 1464 2201 deprecator
1490 2154 1568 2189 as·
1648 2136 1921 2202 bitumqne
1944 2141 2002 2187 et
2033 2136 2293 2188 incessum
2307 2138 2525 2189 seorsim
2551 2137 2728 2189 adum·

501 2210 672 2274 sistat,
712 2210 864 2261 simul
904 2211 1159 2262 Antonius
1198 2213 1425 2264 inhiberi
1464 2216 1571 2266 tela
1650 2214 1849 2265 braret.

494 2286 670 2351 jubet,
701 2286 853 2338 simul
874 2287 1022 2352 signa
1044 2294 1099 2340 et
1123 2292 1315 2355 aquilas
1343 2289 1571 2344 efferunt

501 2379 565 2417 ac
586 2378 643 2414 se
666 2363 884 2426 dedunt,
923 2371 979 2415 et
1004 2365 1155 2415 simul
1173 2367 1188 2394 ‘
1213 2366 1424 2417 Caecina
1447 2383 1567 2418 con-

499 2443 580 2492 sul
605 2441 853 2505 incessit,’
869 2448 960 2492 aut
979 2449 1125 2493 certe
1140 2441 1301 2494 breve
1322 2444 1567 2496 interval·

500 2518 611 2568 lum
632 2516 749 2570 fuit.

521 2647 525 2652 ,
566 2595 646 2645 At
659 2595 829 2646 dices:
843 2594 1062 2646 Videtur
1079 2595 1163 2647 hic
1177 2597 1387 2648 Caecina
1401 2598 1566 2651 inees-

499 2675 627 2729 sisse
655 2679 930 2740 postquam
959 2673 1127 2723 dediti
1162 2680 1315 2727 sunt:
1352 2677 1450 2728 hoe
1470 2676 1568 2729 fal-

500 2768 630 2804 sum.
666 2751 893 2824 incessit
916 2753 1094 2802 consul
1107 2752 1258 2802 simul
1270 2768 1386 2804 cum
1404 2771 1461 2805 se
1479 2756 1568 2806 de·

500 2831 765 2895 dentibus,
778 2835 838 2880 et
856 2830 1005 2881 simul
1027 2829 1342 2894 sequebatur
1356 2831 1373 2858 ‘
1394 2835 1569 2884 causae

505 2905 853 2974 deprecator?
898 2907 969 2956 Et
991 2906 1046 2956 id
1070 2906 1347 2971 distinguit
1366 2914 1572 2964 tantum

503 2986 742 3050 Tacitus,
760 2984 911 3051 quasi
933 2990 1187 3049 tempore,
1207 2990 1268 3035 ut
1285 2985 1577 3050 distinguat

500 3065 672 3115 varios
693 3062 897 3114 habitus
929 3062 1238 3127 animorum,
1259 3076 1324 3114 ea
1352 3064 1576 3115 occasio·

500 3158 587 3202 ne,
609 3146 669 3193 ut
690 3141 843 3191 solet.
1180 3189 1185 3196 ,

520 3264 529 3270 .
566 3219 776 3282 Nempe
827 3215 1081 3268 describit
1130 3215 1412 3281 sigillatim,
1445 3220 1571 3285 quid

497 3294 767 3348 'sentirent
785 3293 1011 3343 victores
1039 3293 1108 3343 de
1139 3294 1448 3358 legionibus,
1465 3297 1572 3348 vic-

417 3424 428 3432 ,
481 3374 591 3440 fiis,
611 3378 672 3423 ut
704 3371 874 3438 primo
894 3370 972 3420 ira
994 3368 1174 3422 infesti
1204 3370 1418 3439 fuerint,
1450 3375 1569 3425 dein

503 3449 683 3502 statim
721 3448 957 3499 miserati
996 3447 1121 3512 sint,
1162 3453 1224 3498 ut
1269 3455 1351 3504 est
1383 3451 1570 3517 vulgus

501 3528 712 3593 ingenio
748 3525 976 3586 mobile3
1007 3525 1204 3576 deinde
1236 3531 1297 3576 ut
1329 3542 1455 3578 mox
1482 3543 1573 3579 ex·

503 3604 728 3658 arserint
747 3603 992 3652 adversus
1014 3601 1298 3669 Caecinam,
1333 3608 1389 3654 et
1406 3620 1573 3670 sapor.

501 3682 627 3731 biom
648 3678 985 3744 ei,'soevitiom
1027 3679 1191 3747 etiam,
1228 3686 1286 3732 et
1314 3682 1572 3749 perfidiam

501 3757 829 3824 objectat-int.

521 3881 530 3886 .
575 3835 673 3886 Ubi
716 3832 931 3897 Caecina]
1007 3832 1127 3888 Non
1163 3836 1301 3901 quod
1344 3836 1575 3892 militum

501 3913 704 3964 deditio
735 3910 1050 3976 colloquium
1084 3913 1310 3965 Caecinae
1349 3929 1575 3980 proeces-

501 3991 648 4053 serit,
669 3996 729 4040 ut
750 3990 864 4039 vult
884 3989 1136 4052 Savilius3
1166 3991 1263 4041 sed
1284 3991 1439 4043 simul
1469 3992 1575 4059 sig·

502 4084 571 4119 na
592 4073 649 4118 et
670 4067 857 4134 aquilae
878 4065 1185 4134 efferuntur,
1198 4074 1256 4119 et
1275 4069 1430 4121 simul
1449 4085 1569 4123 cum

497 4146 605 4200 iuis
621 4145 902 4200 incedebat
922 4144 1152 4210 Caecina,
1178 4152 1242 4197 ut
1275 4162 1460 4212 pacem
1479 4164 1568 4200 ve·

503 4223 761 4288 uiamque,
782 4223 928 4275 velut
961 4223 1162 4276 amicus
1185 4225 1575 4291 Flavianorum,

501 4300 653 4354 victis
670 4301 1020 4367 impetraret„
1037 4297 1362 4351 Dissimilem
1385 4315 1569 4375 consu·

1714 2299 1740 2326 ¹·
1795 2293 2048 2343 Proetexto
2098 2294 2436 2360 lictoribusque
2496 2293 2731 2360 insignis]

1649 2369 1926 2420 Praetexta
1970 2376 2087 2421 erat
2127 2371 2382 2430 nobilium
2426 2385 2730 2437 puerorum,

1650 2441 2002 2510 sacerdotum,
2022 2454 2079 2497 et
2099 2447 2521 2514 magistratuum,
2552 2453 2609 2499 et
2646 2447 2728 2499 sic

1648 2526 1931 2585 praetorum
1965 2537 2029 2573 ac
2065 2524 2352 2576 consulum.
2415 2524 2634 2576 Sueten.
2668 2524 2725 2576 in

1647 2599 1759 2653 Jul.
1801 2603 1819 2629 ⁴
1859 2599 2103 2651 Dimissis
2155 2600 2430 2653 lictoribus
2486 2601 2724 2668 abjecta-

1649 2690 1749 2741 que
1777 2683 2059 2742 praetexta,
2082 2675 2292 2732 domam
2315 2678 2452 2730 clam
2471 2676 2674 2744 refugit
2692 2675 2729 2740 ;’

1648 2758 1958 2817 atque-tum
1993 2752 2166 2807 Julius
2204 2759 2402 2821 praetor
2435 2759 2570 2808 erat.
2622 2754 2733 2806 Lm

1643 2845 1816 2895 ponus.

1715 2914 1740 2940 ⁰
1775 2910 1955 2959 Consul
1975 2906 2192 2973 incesm‘t]
2243 2906 2455 2973 Nempe
2476 2906 2736 2979 speciem,

1651 2983 2004 3050 majestatem,
2019 2992 2076 3036 et
2095 2985 2323 3051 insignia
2343 2988 2573 3038 consulis
2594 3001 2737 3053 μω-

1652 3062 1878 3114 ferebat.
1931 3062 2011 3115 At
2055 3065 2206 3114 velut
2246 3063 2625 3130 intempestiva
2668 3079 2733 3116 ac

1652 3145 1977 3204 praepostera
2007 3138 2128 3204 fuit,
2163 3145 2225 3191 ut
2259 3141 2313 3191 in
2348 3142 2642 3209 proditore,
2674 3148 2734 3193 et

1653 3217 1720 3269 ob
1774 3216 2046 3281 perfidiam
2086 3217 2291 3285 vincto,
2334 3220 2457 3272 talis
2480 3235 2733 3285 pompag

1643 3298 1806 3363 juxta
1837 3296 2006 3349 invisa
2043 3297 2326 3362 victoribus
2368 3298 2632 3365 victisque
2667 3313 2737 3351 ea

1652 3377 1876 3442 species,
1891 3383 1954 3428 ut
1974 3378 2026 3427 in
2045 3379 2138 3429 tali
2154 3380 2384 3432 homine.
2512 3364 2523 3376 ⁸

1721 3455 1900 3504 Comul
1918 3455 2138 3523 incessit]
2187 3458 2284 3508 Est
2322 3459 2502 3523 aliqua
2537 3459 2731 3525 majes-

1653 3535 1752 3594 tas,
1771 3544 1926 3595 quam
1946 3531 2024 3583 sie
2045 3533 2315 3598 exprimit,
2337 3536 2391 3585 in
2427 3535 2525 3585 tali
2557 3535 2735 3587 inces-

1651 3622 1730 3672 su,
1760 3606 1910 3674 Virg.
1941 3607 1960 3635 ‘
1981 3607 2085 3662 Ant
2126 3626 2244 3676 ego,
2266 3628 2387 3678 qum
2407 3613 2613 3665 Divum
2649 3614 2733 3666 in·

1652 3682 1782 3738 cedo
1825 3683 2046 3749 regina!
2115 3687 2188 3738 Et
2220 3688 2530 3754 Athenaeus,
2562 3689 2730 3755 ἧραῒου

1649 3758 1856 3824 βαδίζει,
1870 3761 1925 3811 id
1946 3767 2049 3827 est,
2064 3765 2275 3816 samio
2295 3767 2479 3817 incessu
2498 3770 2735 3834 ambulat,

1651 3850 1752 3901 pro
1772 3836 2033 3900 gravitate
2055 3839 2280 3904 quadam
2316 3846 2374 3892 et
2392 3843 2735 3907 magnificen-

1653 3911 1730 3964 tia
1750 3912 2005 3974 incessus,
2029 3913 2185 3966 dixit.

1725 3989 1901 4038 Gomul
1919 3989 2136 4055 incessit]
2169 3991 2329 4044 Certe
2367 3996 2555 4045 consul
2592 3998 2753 4054 aloes

1656 4070 1742 4116 tus
1762 4064 1959 4128 fuerat,
1980 4081 2098 4117 cum
2112 4068 2355 4136 Valente,
2373 4086 2439 4122 ex
2457 4072 2584 4126 Kal.
2599 4074 2731 4141 Sep·-

1655 4140 1819 4194 temb.
1838 4140 1894 4191 in
1914 4142 2178 4195 Kalendas
2195 4146 2524 4200 Novembres
2545 4165 2563 4199 ι
2585 4164 2733 4205 nem-

1652 4219 1794 4284 peiu
1817 4218 1945 4268 duos
1965 4234 2186 4287 menses,
2219 4230 2283 4275 ut
2315 4239 2428 4275 mos
2466 4226 2588 4291 ejus
2627 4218 2774 4282 aevi‘

1649 4294 1768 4350 fuit.
1833 4297 1909 4347 Et
1947 4296 2042 4348 vix
2085 4304 2196 4351 tum
2240 4303 2493 4369 temporis
2538 4307 2727 4370 consul
