3050 4917
529 357 708 436 8116

491 551 498 557 ·
529 531 596 592 et
619 525 926 602 infamia:
975 529 1000 605 ‘‚
1028 526 1225 609 quale
1271 523 1435 592 illud
1480 525 1651 590 iter'l
1697 525 1852 609 quis
1900 522 2040 589 dux
2088 522 2222 590 viae
2239 525 2270 589 ‘l
2317 530 2386 590 et
2423 527 2648 592 omnia
2673 525 2742 589 in

529 629 800 695 arbitrio
828 649 1079 709 eorum,
1111 649 1281 714 quos
1311 627 1469 694 vitae
1496 630 1810 713 necisque
1838 628 2147 693 dominos
2176 628 2532 707 fecissent?
2578 626 2740 707 Alii,

529 732 712 798 nulla
740 731 1089 800 dedecoris
1134 751 1317 812 cura,
1365 732 1740 817 pecuniam,
1796 736 1911 796 aut
1955 732 2305 797 carissima
2343 732 2741 818 sibimetipsi

531 835 965 901 circumdare.
1057 834 1357 915 Quidam
1394 835 1710 918 expedire
1755 854 1962 914 arma,
1993 836 2275 919 telisque
2303 841 2629 919 tanquam
2671 834 2744 898 in

530 938 745 1003 aciem
776 937 1061 1021 accingi.
1153 938 1333 1004 Haec
1383 937 1904 1017 meditantibus:
1954 938 2227 1003 advenit
2270 937 2744 1023 proficiscendi

527 1039 714 1119 hora,
745 1041 1205 1126 expectatione
1241 1041 1509 1105 tristior.
1602 1039 1874 1125 Quippe
1924 1041 2098 1120 intra
2141 1042 2386 1107 vallum
2432 1041 2743 1106 deformi-

528 1147 636 1208 tas
664 1143 846 1210 haud
874 1143 1150 1228 perinde
1178 1142 1534 1208 notabilis:
1581 1143 1835 1209 detexit
1876 1144 2302 1227 ignominiam
2350 1163 2636 1227 campus
2680 1148 2748 1207 et

530 1246 697 1311 dieS.
807 1246 1130 1324 Revulsae
1191 1246 1675 1332 Imperatorum
1720 1249 2067 1331 imagines,
2114 1248 2458 1342 inhonora²
2509 1242 2752 1331 signa,f

527 1347 933 1433 fulgentibus
981 1351 1134 1416 hinc
1186 1353 1344 1430 inde
1391 1351 1741 1418 Gallorum
1786 1353 2093 1418 vexillis:
2139 1353 2345 1417 silens
2388 1369 2648 1436 agmen,
2681 1356 2749 1415 et

528 1452 714 1518 velut
740 1454 956 1537 longae
987 1457 1325 1540 exequiae:
1358 1458 1499 1522 dux
1522 1454 1845 1522 Claudius
1868 1458 2213 1535 Sanctus,³
2237 1455 2481 1521 effosso
2510 1455 2712 1519 oculo
2726 1474 2759 1520 :-

487 1565 493 1573 ’
523 1551 710 1620 dirus
739 1575 875 1634 ore,
906 1558 1166 1640 ingenio
1195 1558 1492 1624 debilior.
1541 1558 1948 1644 Duplicatur
1974 1559 2326 1644 flagitium,
2353 1563 2744 1644 postquam,

1248 379 1316 429 ο.
1364 377 1736 430 corinun
1784 377 2045 427 ucrrr
2411 361 2510 448 [A‘.
2533 384 2602 436 u.
2623 384 2740 437 sss.

519 1738 766 1801 pudor-eet
800 1740 1081 1803 ι’ςιιοηιίιιία,
1118 1740 1453 1806 reputabant,
1486 1739 1653 1805 qualis
1677 1739 1813 1802 foret
1845 1740 1934 1789 illa
1968 1740 2086 1790 via?
2132 1739 2246 1805 quis
2272 1739 2375 1789 dux
2413 1738 2657 1791 itineris?
2691 1745 2744 1788 et

525 1810 713 1854 cuneta
735 1805 789 1853 in
814 1813 1077 1869 potestate
1103 1806 1309 1857 illorum
1317 1806 1450 1868 sore,
1473 1818 1604 1871 quos
1626 1806 1751 1856 vitae
1772 1806 2057 1871 mortisque
2080 1806 2303 1855 arbitros
2323 1805 2418 1867 ipsi
2441 1804 2745 1855 eonstituis-

525 1874 659 1919 sent.
727 1871 850 1932 Alii,
868 1872 993 1920 nvait
1011 1872 1274 1936 deflagitio
1295 1877 1382 1921 aut
1404 1872 1671 1934 ignominia
1691 1871 1850 1932 anxii,
1867 1873 2131 1935 pecuniam,
2145 1875 2229 1919 aut
2239 1870 2590 1934 pretiosissima
2609 1885 2747 1934 ψιε-

523 1948 623 1998 que
644 1934 735 1985 sibi
757 1936 945 1999 cingere
960 1937 1069 2001 ipsi.
1104 1938 1333 1987 Nonnulli
1349 1952 1522 2001 parare
1538 1941 1731 1987 armet
1746 1938 1859 1997 tela,
1875 1939 2005 1987 velat
2025 1939 2088 1986 ad
2099 1936 2320 2001 praelt‘am
2340 1935 2585 1999 expedire.
2618 1934 2746 1984 Hoee

521 2001 867 2064 reputantibus,
886 2003 1077 2052 advent
1101 2003 1305 2053 exeundi
1335 2009 1536 2067 tempus,
1569 2003 1682 2067 ipsa
1703 2003 2030 2065 expectatione
2051 2002 2305 2052 molestius.
2372 2003 2594 2064 Namque
2614 2000 2745 2050 iutra

519 2070 679 2114 castra
698 2068 959 2129 ignominia
989 2084 1083 2117 non
1114 2084 1245 2133 oeque
1278 2072 1553 2133 conspicua.-
1586 2069 1778 2132 aperuit
1798 2070 1995 2118 dedecus
2023 2067 2248 2131 planities
2264 2071 2314 2116 et
2330 2066 2448 2116 dies.
2514 2067 2744 2129 Πατρέα

519 2130 791 2195 principum
810 2134 1011 2199 effigies,
1031 2134 1241 2183 incomta
1262 2134 1454 2195 aedua,
1476 2133 1762 2183 micantibus
1781 2132 1893 2183 Ιιίιισ
1913 2139 1961 2183 et
1983 2134 2116 2183 illine
2135 2134 2385 2182 Gallorum
2404 2131 2592 2193 signis.-
2620 2131 2744 2180 taci-

523 2200 720 2246 turnum
753 2213 944 2262 agmen,
982 2205 1032 2249 et
1069 2201 1197 2249 velat
1228 2201 1372 2263 longa
1391 2198 1624 2259 funerum
1658 2214 1856 2263 μικρᾶς
1888 2202 1989 2249 dux
2025 2200 2255 2250 Claudius
2289 2198 2512 2261 Sanam,
2549 2212 2743 2248 exeam

520 2262 683 2320 oculo5
713 2266 1003 2314 truculentus
1034 2266 1185 2331 vultu,
1216 2269 1373 2314 animo
1405 2263 1679 2325 deformior.
1745 2263 2246 2330 Augetur-flagitium,
2274 2266 2540 2329 postquam,
2576 2262 2745 2312 relicto

1455 2393 1814 2416 ‘oeteo-eene?

526 2490 612 2540 vel
650 2492 922 2544 tredecima.
1009 2495 1355 2545 Tmiadecim
1386 2494 1619 2559 Ryckius
1657 2501 1713 2545 et
1750 2495 1982 2545 Gronov.
2057 2492 2160 2543 Sed
2201 2491 2322 2540 vide
2356 2506 2403 2541 c.
2438 2493 2624 2540 26.-2
2658 2490 2746 2542 Sic

521 2554 718 2619 optime
736 2558 1021 2619 Victorius,
1044 2560 1245 2625 Lipsius
1269 2569 1324 2610 et
1349 2560 1691 2610 recentiores.
1744 2561 1876 2610 Mss.
1900 2559 2041 2608 Flor.
2060 2559 2195 2621 Reg.
2218 2557 2271 2606 in
2293 2556 2409 2605 hom
2429 2556 2590 2618 sigm-
2640 2554 2747 2606 Ms.

520 2620 651 2683 Agr.
676 2629 732 2671 et
755 2622 918 2673 editio
943 2626 1208 2689 princeps,
1230 2626 1282 2674 in
1303 2641 1403 2676 ora.
1471 2626 1603 2674 Mss.
1627 2626 1780 2675 Harl.
1805 2623 1959 2673 Bodl.
1981 2621 2092 2675 Jes.
2113 2629 2170 2672 et
2193 2622 2535 2695 Puteolanus,
2563 2622 2746 2671 ianm

518 2685 677 2748 signu.
743 2689 958 2740 Frustra
978 2691 1093 2741 Jac.
1116 2692 1409 2741 Gronovius
1432 2706 1463 2739 e
1485 2692 1592 2742 Me.
1610 2691 1749 2742 Flor.
1770 2695 1959 2749 tentat,
1982 2688 2151 2738 viliora
2170 2687 2331 2749 signa.
2365 2688 2596 2736 Broue'r.

1517 2854 1738 2906 No'rAE

584 2968 607 2995 θ
627 2962 753 3013 Ηιεο
767 2965 1124 3032 meditantibus]
1148 2968 1316 3035 quue
1335 2986 1401 3019 ex
1418 2972 1589 3035 Livio,

523 3038 610 3108 qui
625 3041 679 3089 in
693 3042 960 3094 deditione
974 3045 1062 3110 illa
1077 3048 1216 3110 turpi
1233 3049 1297 3098 ad
1315 3049 1589 3100 Furculas:

522 3121 539 3146 ‘
566 3118 701 3169 Haec
724 3118 1106 3185 frementibus‚'
1129 3125 1317 3191 inquit,
1334 3127 1350 3154 ‘
1365 3128 1491 3182 hora
1514 3126 1592 3196 fa-

524 3195 642 3245 talis
679 3196 970 3260 ignominiae
1003 3200 1235 3265 advenit,
1268 3205 1441 3254 omnia
1473 3204 1591 3255 tris-

520 3272 656 3322 tiora
680 3274 1000 3337 experiundo
1022 3277 1259 3329 factura.'
1290 3281 1501 3345 Lipsius.

584 3346 607 3379 f
633 3349 869 3400 Inhonora
901 3353 1062 3419 signa]
1113 3356 1368 3416 Budensis
1401 3359 1590 3421 codex,

515 3425 683 3475 inhora
702 3426 860 3489 signa.
898 3428 1050 3480 Rom.
1076 3433 1129 3481 in
1148 3448 1251 3482 ora.
1276 3434 1588 3485 Divinabam

518 3503 662 3567 olim,
702 3504 889 3555 inversa
920 3508 1077 3570 signu,
1115 3512 1250 3573 quod
1293 3511 1589 3575 ignominiae

517 3580 636 3645 fuit,
657 3588 712 3632 et
737 3582 901 3633 victos
923 3598 978 3632 se
1001 3582 1296 3636 fatentium.

585 3660 890 3723 Spartianus
909 3661 958 3710 iu
975 3662 1194 3712 Severo:
1224 3665 1240 3691 ‘
1260 3663 1321 3713 In
1338 3663 1590 3728 palatium

518 3736 702 3786 eodem
726 3737 907 3787 habitu
936 3739 1191 3803 perrexit,
1224 3740 1453 3804 praelatis
1485 3741 1590 3805 sig-

518 3814 620 3880 nis,
655 3830 776 3880 quae
818 3818 1144 3879 praetorianis
1182 3809 1468 3882 ademerat,
1504 3834 1590 3869 su-

515 3892 675 3957 piniS,
695 3908 798 3943 non
822 3897 1046 3946 erectis!
1112 3896 1260 3948 Idem
1284 3906 1585 3962 usurpatum

514 3969 570 4018 in
595 3970 773 4020 dolore
795 3989 808 4021 :
844 3973 1053 4023 Tacitus
1077 3973 1265 4025 Annal.
1288 3989 1381 4025 ιιι.
1412 3975 1428 4002 ‘
1455 3990 1586 4039 prte-

517 4044 772 4096 cedebant
797 4049 1022 4098 incomta
1045 4049 1213 4113 signa,
1232 4050 1366 4101 versi
1386 4048 1585 4101 fascea’

564 4121 713 4172 Pedo
725 4122 1079 4173 Albinovanus
1093 4124 1155 4173 ad
1170 4126 1392 4174 Liviam:
1411 4127 1426 4154 ⁴
1441 4126 1585 4177 Quos

519 4198 741 4263 primum
768 4199 875 4262 vidi
913 4199 1101 4263 fasces,
1133 4201 1185 4250 in
1219 4200 1406 4252 funere
1443 4202 1584 4267 vidi3

517 4275 626 4326 Sed
651 4275 755 4327 vidi
779 4290 974 4342 versos,
993 4277 1342 4345 indiciumque
1364 4279 1523 4332 mali?

1737 2970 1814 3021 At
1830 2985 1968 3021 nnnc
1992 2975 2171 3035 putem
2189 2966 2508 3017 commodius
2526 2962 2656 3029 legi,
2676 2964 2750 3014 ia·
2770 2985 2777 2988 ¹

1669 3048 1845 3099 honora
1886 3048 2046 3114 signu,
2086 3045 2141 3095 id
2184 3051 2284 3106 est,
2323 3041 2578 3108 squalida,
2639 3055 2747 3091 non

1672 3135 1848 3191 uncta,
1900 3141 2000 3178 non
2052 3124 2303 3174 nitidata:
2353 3137 2472 3187 quae
2522 3119 2750 3185 opponit

1671 3205 1688 3233 ‘
1712 3195 2031 3269 fulgentibus
2054 3202 2320 3253 Gallorum
2342 3198 2583 3251 vexillis-³

1739 3280 1849 3333 Aut
1891 3282 2069 3347 potius
2112 3278 2333 3330 retineri
2373 3276 2505 3327 illud
2543 3275 2750 3337 innexa,

1669 3375 1788 3411 cum
1810 3360 2182 3425 explicatione,
2200 3357 2341 3420 signa
2357 3355 2553 3417 innexa,
2574 3351 2630 3401 id
2649 3358 2751 3413 est,

1669 3438 1781 3488 sine
1801 3452 1959 3500 nexu,
1977 3444 2031 3486 et
2051 3434 2188 3485 nuda
2205 3432 2396 3482 fuisse:
2431 3444 2557 3479 nam
2577 3428 2751 3478 solent

1672 3513 1923 3577 imagines
1967 3511 2277 3577 principum,
2332 3504 2524 3571 clypei,
2586 3503 2748 3553 etiam

1671 3603 1877 3639 coronae
1903 3595 1958 3639 et
1985 3588 2107 3638 talia
2129 3584 2341 3635 innecti.
2374 3581 2590 3647 Lipsius.

1738 3667 1983 3718 Fortasse
1997 3665 2155 3716 etiam
2172 3664 2396 3716 inhonora
2411 3662 2554 3723 signa
2570 3659 2754 3710 dicun·

1671 3750 1777 3806 tur,
1797 3745 1918 3809 quia
1943 3744 2163 3794 revulsoe
2188 3742 2252 3791 ab
2277 3742 2338 3790 iis
2361 3739 2748 3804 Imperatorum

1669 3820 1921 3884 imagines
1943 3819 2170 3870 fuerant.
2204 3818 2429 3867 Pichena.

1731 3906 1757 3941 Β
1791 3890 2163 3947 ΒαωΌΙαιιάἰιιε
2185 3894 2415 3960 Smtctus]
2450 3894 2577 3943 Dux
2607 3893 2749 3945 scili-

1667 3983 1757 4024 cet
1783 3975 1879 4026 viae
1899 3973 2089 4024 deditis
2111 3973 2287 4034 datus,
2310 3985 2430 4019 nam
2452 3984 2616 4034 supra
2638 3970 2750 4019 dix—

1665 4051 1740 4101 it:
1779 4055 1794 4081 ‘
1819 4052 1971 4117 quale
2005 4050 2132 4099 illud
2154 4049 2285 4099 iter?
2317 4048 2433 4113 quis
2454 4046 2566 4097 dux
2592 4048 2692 4114 viae
2709 4045 2746 4095 i’

1669 4127 1808 4178 Pion.
1877 4129 2023 4191 Dux,
2052 4126 2142 4192 qui
2175 4139 2276 4175 nou
2297 4125 2461 4174 solum
2488 4123 2590 4172 vioe
2612 4138 2747 4187 prm-

1666 4203 1789 4266 iret,
1823 4204 1914 4254 sed
1940 4210 1996 4254 et
2031 4201 2167 4254 forte
2201 4199 2514 4253 defenderet
2535 4199 2744 4251 deditos

1672 4280 1737 4331 ab
1758 4279 1961 4345 injuria.
2364 4299 2369 4306 ’
