3050 4917
548 386 725 456 3118

552 552 865 619 mandata
907 548 1086 636 apud
1129 549 1489 617 concilium
1517 549 2110 637 Agrippinensium
2141 550 2254 617 edi
2286 550 2558 637 jubent:
2607 573 2763 637 quae

555 655 1004 722 ferocissimus
1034 673 1073 719 e
1109 653 1348 737 legatis
1389 654 1462 718 in
1501 653 1679 719 hunc
1722 654 1996 719 modum
2022 655 2301 740 protulit
2319 652 2376 720 :¹¹
2422 658 2443 689 ‘
2476 654 2766 722 Redisse

539 779 676 826 .vos
704 762 774 825 in·
800 778 1046 843 corpus
1084 777 1457 843 nomenque
1486 755 1925 836 Germaniae,⁵
1971 759 2430 824 communibus
2462 759 2634 824 Deis
2666 764 2762 824 et¹

539 863 896 949 praecipuo
930 857 1277 940 Deorum,j
1324 858 1551 939 Marti,
1598 867 1816 944 grates
1844 861 2138 943 agimus:
2185 861 2512 945 vobisque
2540 867 2768 944 gratu-

539 964 785 1044 lamur,
806 966 986 1049 quod
1012 965 1277 1031 tandem
1304 963 1494 1029 liberi
1518 965 1685 1030 inter
1706 965 1955 1032 liberos
1979 965 2187 1029 eritis.
2220 1023 2225 1028 ,
2277 963 2347 1028 N
2351 983 2462 1028 am
2485 964 2574 1028 ad
2595 963 2767 1028 hunc

535 1068 724 1133 -diem
773 1069 1045 1135 flumina
1101 1087 1183 1132 ac
1238 1073 1482 1133 terras²
1532 1075 1600 1136 et
1652 1063 1938 1134 coelumk
1962 1109 1969 1114 ,
1992 1067 2488 1153 quodammodo
2539 1067 2766 1151 ipsum

1253 404 1315 455 0.
1363 403 1728 453 CORNELII
1776 402 2030 454 TAcvm
2440 410 2535 478 [A.
2557 413 2627 465 U.
2650 416 2766 465 82⁸.

547 1250 766 1302 concione
796 1249 1220 1315 Agrippinensium
1235 1266 1251 1299 .·
1285 1265 1388 1313 (ιω
1416 1250 1763 1314 promissimus
1797 1252 2061 1314 legatorum
2082 1251 2140 1301 ἱιι
2156 1266 2259 1301 eam
2279 1252 2562 1302 sententiam
2583 1247 2766 1301 edidit.-

501 1358 509 1364 .
547 1315 757 1365 Gratias
781 1313 1055 1364 referimus
1073 1315 1188 1364 Diis
1210 1315 1570 1365 communibus
1589 1316 1881 1377 Germanice,
1897 1318 1979 1366 sed
2001 1323 2058 1365 et
2079 1317 2307 1366 maximo
2324 1318 2561 1367 Deorum
2580 1317 2766 1380 Marti,

547 1379 688 1444 quod
712 1380 904 1430 reversi
942 1379 1068 1429 estis
1109 1380 1160 1428 in
1197 1395 1386 1444 corpus
1418 1380 1835 1446 vocabulumque
1869 1382 2194 1443 Germaniae3
2233 1382 2484 1448 vobisque
2519 1382 2759 1433 laetitiam

544 1451 776 1495 nostram
800 1451 1066 1507 testamur,
1091 1446 1225 1510 quod
1251 1446 1462 1496 taudem
1486 1445 1622 1495 inter
1651 1446 1841 1497 liberos
1861 1447 2112 1498 libertate
2133 1445 2395 1497 fruemini.
2464 1447 2679 1512 Quippe
2701 1447 2766 1496 ad

545 1508 601 1558 id
625 1517 847 1576 tempus,
870 1525 1046 1561 amnes
1086 1518 1354 1577 terrasque
1389 1519 1444 1562 et
1466 1512 1637 1577 ipsum
1662 1511 2038 1578 quodammodo
2061 1513 2249 1563 coelum
2272 1512 2640 1563 obstruxerant
2666 1513 2766 1563 Ro·

1475 1659 1833 1680 OOOC‘OO‘COCO

620 1762 648 1808 1
684 1757 770 1810 Ita
789 1759 916 1809 Mss.
938 1758 1077 1811 Flor.
1101 1759 1230 1823 Agr.
1256 1759 1409 1810 Corb.
1435 1757 1598 1809 editio
1621 1758 1881 1823 princeps,
1906 1757 2142 1823 Ryckius
2165 1764 2220 1808 et
2243 1756 2579 1808 recentiores.
2638 1755 2766 1809 Mss.

547 1823 700 1876 Harl.
738 1826 891 1878 Bodl.
924 1827 1039 1877 Jes.
1073 1832 1131 1875 et
1155 1826 1494 1891 Puteolanus,
1525 1838 1645 1875 cum
1667 1823 1897 1875 Gronov.
1918 1826 2000 1874 sed
2014 1825 2369 1889 φροίμια-2
2401 1824 2504 1876 Ms.
2528 1823 2691 1875 Corb.
2711 1838 2766 1874 uc

1548 2030 1761 2082 NOTAE

611 2159 636 2195 ¹¹
673 2163 792 2220 Quoe
810 2160 1140 2221 ferocissimus
1159 2177 1185 2211 e
1207 2161 1379 2224 legatis
1406 2159 1460 2213 in
1489 2162 1612 2213 hunc

545 2241 732 2291 modum
753 2238 977 2304 protudit]
1010 2239 1252 2302 Feroces,
1279 2252 1485 2304 nempe,
1518 2254 1610 2305 po-

545 2316 657 2381 puli
677 2315 1050 2367 concionantur
1074 2315 1208 2364 truci
1231 2314 1487 2366 oratione.
1536 2316 1612 2368 Ut

545 2400 686 2457 sunt,
725 2407 878 2459 quam
912 2392 1119 2458 egregie
1156 2393 1404 2442 decorum
1440 2400 1611 2444 servat

541 2471 770 2522 Tacitus.
849 2472 937 2521 Sic
977 2470 1190 2520 Curtius
1228 2470 1450 2536 Scythas
1487 2472 1610 2521 olim

540 2547 816 2613 loquentes
847 2546 1126 2616 induxerat
1149 2561 1240 2596 suo
1264 2560 1409 2596 more
1445 2545 1610 2598 feroci

542 2632 599 2675 et
614 2625 858 2690 Scythico
876 2641 891 2686 ς
926 2625 999 2674 sic
1015 2624 1280 2688 Germani,
1296 2624 1610 2676 Germanico

537 2713 704 2766 more,
734 2701 808 2765 vde
844 2702 1021 2751 Marte
1055 2701 1290 2751 Deorum
1325 2703 1611 2767 praecipuo,

528 2787 595 2829 et
618 2779 683 2828 de
719 2779 959 2829 libertate
990 2777 1307 2829 Germanica
1336 2792 1475 2830 nunc
1508 2778 1611 2830 dis-

540 2864 748 2906 serunt:
786 2856 803 2885 ‘
824 2854 1034 2905 flumina
1056 2868 1118 2905 ac
1142 2860 1311 2906 terras
1347 2861 1403 2906 et
1424 2856 1610 2907 coelum

540 2932 762 2999 quodam
785 2932 937 2981 modo
976 2932 1142 2997 ipsum
1177 2933 1486 2983 clauseraut'
1509 2934 1611 2986 Ro·

539 3011 696 3074 mani,
715 3024 901 3074 nempe
925 3010 1129 3071 castris,
1149 3010 1404 3076 amnibus,
1426 3017 1479 3062 et
1501 3027 1610 3061 mu-

521 3085 803 3138 nimentis.
842 3086 976 3136 Dein
993 3088 1170 3149 etiam,
1184 3089 1198 3115 ‘
1218 3085 1332 3136 fera
1348 3087 1611 3152 animalia,

540 3164 582 3212 si
624 3166 801 3213 clausa
837 3162 1053 3226 teneas,’
1091 3169 1190 3213 stc.
1261 3162 1395 3213 Haec
1437 3164 1610 3213 omnia

536 3239 761 3303 simplici
784 3253 908 3288 vere
928 3244 983 3288 et
1002 3238 1313 3288 Germanico
1328 3252 1470 3288 more
1490 3254 1609 3289 con·

520 3317 778 3367 'ciouatur
800 3316 1020 3380 legatus.

606 3392 691 3443 Sic
731 3392 849 3444 olim
884 3391 1093 3457 Scythae
1129 3391 1194 3441 ad
1230 3390 1608 3459 Alexandrum,

519 3487 755 3538 ‚quorum
774 3486 934 3536 genus
955 3473 1075 3521 suut
1093 3470 1341 3521 Germani
1363 3488 1375 3520 ε
1426 3472 1442 3498 ‘
1464 3472 1607 3524 Quid

537 3555 597 3604 tu
621 3548 843 3614 ignoras,
877 3548 1087 3597 arbores
1121 3560 1333 3610 magnas
1356 3546 1447 3598 diu
1468 3563 1607 3598 cres-

539 3640 679 3689 cere,
700 3640 803 3676 una
825 3626 954 3676 hora
970 3624 1263 3688 extirpari?
1294 3624 1486 3674 stultus
1507 3632 1608 3690 est,

537 3702 627 3770 qui
643 3702 842 3753 fructus
857 3717 1031 3752 earum
1050 3705 1272 3766 spectat,
1282 3700 1610 3752 altitudinem

535 3795 641 3833 non
667 3782 895 3833 metitur.
945 3781 1100 3844 Vide,
1122 3796 1207 3845 ne,
1224 3781 1346 3829 dum
1365 3778 1429 3830 ad
1454 3795 1607 3831 cacu-

534 3872 658 3908 men
693 3859 967 3922 pervenire
1003 3857 1292 3920 contendis,
1326 3871 1444 3906 cum
1477 3857 1604 3922 ipsis

533 3934 709 3998 ramis,
731 3950 857 4000 quos
878 3933 1352 3999 comprehenderis,
1372 3934 1603 3986 decidas.

536 4012 645 4062 Leo
659 4028 862 4078 quoque
877 4012 1148 4076 aliquando
1159 4011 1478 4061 minimarum
1493 4012 1599 4062 avi-

533 4103 621 4138 um
660 4089 903 4153 pabulum
941 4088 1033 4139 fit:
1085 4095 1141 4138 et
1178 4086 1373 4137 ferrum
1415 4088 1598 4153 rubigo

535 4166 824 4216 consumit.’
891 4167 973 4216 En
987 4165 1248 4216 Germana
1265 4179 1385 4215 vere
1401 4171 1458 4215 et
1473 4167 1597 4231 Sey-

509 4297 522 4304 „
538 4243 679 4295 thira
700 4242 896 4293 oratio!

600 4320 617 4386 ξ
646 4320 843 4372 Redisse
859 4336 940 4373 vos
955 4319 1008 4372 in
1027 4336 1192 4388 corpus
1208 4336 1455 4388 nomenque
1476 4322 1523 4372 G
1527 4337 1599 4372 er·

1690 2161 1887 2226 monice]
1941 2160 2025 2211 Sic
2064 2160 2157 2211 lib.
2189 2160 2256 2211 de
2279 2158 2417 2211 Mor.
2454 2158 2641 2209 Germ.
2680 2161 2761 2209 39.

1692 2241 1709 2269 ‘
1731 2240 1932 2305 Adjicit
1969 2239 2338 2291 auctoritatem
2375 2236 2588 2288 fortuna
2621 2236 2764 2286 Sem·

1690 2332 1903 2369 nonum.
1988 2318 2208 2369 Centum
2246 2315 2393 2383 pagis
2425 2314 2763 2365 habitantur:

1691 2411 1984 2463 magnoque
2028 2411 2249 2462 corpore
2297 2392 2544 2457 efficitur,
2606 2396 2669 2442 ut
2710 2405 2764 2441 se

1690 2474 1971 2526 Suevorum
1997 2480 2156 2540 caput
2179 2468 2434 2524 credant)

1752 2548 1772 2592 1
1805 2552 1875 2601 Et
1887 2552 2127 2616 praecipuo
2153 2548 2382 2611 Deorum]
2414 2547 2561 2598 Flor.
2576 2551 2628 2600 et
2644 2561 2765 2610 pm·

1690 2629 1844 2693 cipuo.
1878 2628 2126 2679 Picbena.
2148 2628 2363 2680 Mallem
2386 2630 2456 2688 et,
2478 2625 2567 2675 vel
2587 2625 2674 2675 sed
2694 2628 2769 2682 σω·

1691 2706 1849 2769 vulgo
1867 2709 1965 2756 sed.

1759 2782 2009 2847 Proecipuo
2030 2783 2258 2844 Deorum,
2299 2779 2497 2844 Morti]
2513 2777 2765 2830 Attamen

1693 2858 1783 2908 lib.
1798 2858 1866 2908 de
1882 2860 2020 2909 Mor.
2040 2859 2222 2910 Germ.
2245 2862 2293 2909 9.
2323 2859 2339 2886 ⁶
2364 2858 2600 2907 Deorum
2625 2872 2767 2906 max—

1693 2936 1794 2986 ime
1814 2936 2137 2987 Mercurium
2157 2936 2357 2998 colunt,
2377 2934 2463 2984 cui
2481 2933 2640 2985 certis
2659 2933 2768 2983 die-

1692 3013 1790 3063 bus
1809 3011 2041 3063 humanis
2062 3027 2267 3078 quoque
2298 3010 2478 3061 hostiis
2507 3010 2666 3060 litare
2691 3008 2767 3060 fas

1690 3089 1907 3140 habent.
1973 3090 2257 3139 Herculem
2293 3103 2354 3139 ac
2387 3088 2621 3137 Martem
2646 3101 2766 3138 cou-

1689 3169 1848 3218 cessis
1867 3166 2172 3217 animalibus
2204 3165 2451 3232 placant!
2515 3164 2622 3213 Sed
2644 3164 2768 3230 qnia

1690 3245 1773 3295 hic
1796 3245 1988 3296 bellum
2012 3244 2287 3308 agebatur,
2321 3241 2462 3292 forte
2486 3241 2608 3292 ideo
2633 3256 2765 3307 prae·

1690 3323 1898 3389 cipuum
1911 3323 2148 3374 Deorum
2159 3322 2386 3372 Martem
2402 3318 2765 3384 celebrabant,

1689 3407 1748 3450 ut
1772 3399 2025 3465 propitius
2047 3413 2160 3448 esse
2184 3397 2347 3447 vellet
2370 3395 2607 3446 omnibus
2629 3394 2762 3445 Ger-

1686 3476 1848 3525 manis
1869 3476 2021 3525 simul
2043 3473 2484 3539 conspirantibus,
2511 3471 2763 3522 adversus

1686 3568 1979 3603 communes
2001 3553 2176 3603 hostes
2199 3552 2482 3602 Romanos.

1750 3627 1775 3662 ¹¹
1806 3630 2030 3680 Flumina
2045 3645 2101 3679 ac
2123 3634 2278 3678 terras
2297 3632 2346 3678 et
2358 3627 2544 3691 coehm]
2579 3628 2758 3678 Terrae

1689 3696 1983 3756 fluminibus
2000 3705 2332 3768 clauduntur,
2344 3715 2438 3769 per
2452 3704 2571 3752 haec
2590 3709 2759 3754 trans·

1684 3782 1789 3833 itus
1818 3790 2049 3844 arcetur3
2075 3789 2130 3832 et
2145 3784 2332 3833 coelum
2358 3781 2550 3831 dicitur
2564 3781 2759 3846 claudi,

1683 3874 1801 3909 cnm
1823 3874 1917 3925 per
1933 3861 2116 3910 coelum
2134 3865 2463 3922 tantum,nec
2481 3857 2587 3907 alia
2605 3863 2757 3924 patet

1680 3937 1784 3990 via.
1816 3938 1934 4000 Vel,
1954 3937 2077 4003 quia
2098 3935 2309 3999 castris,
2330 3933 2614 4000 praesidiis,
2637 3950 2756 4000 pro÷

1678 4013 2007 4079 pugnaculis,
2044 4012 2376 4076 turribusque
2396 4001 2753 4062 Romanorum

1678 4090 2055 4157 quodammodo
2092 4090 2276 4139 coelum
2315 4084 2513 4137 auferri
2552 4086 2755 4137 claudi-

1677 4184 1777 4236 que
1801 4167 2094 4218 videbatur.
2149 4168 2280 4217 Cum
2298 4163 2483 4215 fluvios
2505 4169 2562 4215 et
2583 4171 2750 4216 terras

1678 4243 1999 4309 clauderent,
2035 4242 2186 4293 simul
2210 4247 2266 4292 et
2288 4241 2475 4291 coelum
2499 4240 2747 4291 clausisse

1678 4321 2019 4389 aliquatenus,
2035 4326 2091 4372 et
2105 4309 2368 4390 captivum
2385 4316 2582 4371 babere
2607 4316 2749 4384 yide·
