3050 4917
2375 366 2551 437 2783

336 533 666 603 tfflsnnalm
721 532 1088 611 tuebantur,
1146 535 1450 598 extrema
1502 530 1611 596 vis
1670 532 2052 613 parabatur.
2183 528 2552 616 Opposuit¹¹

339 641 557 707 sinum
608 635 959 713 AntoniuS,
1012 636 1246 700 stricto
1291 634 1516 712 ferro‚⁰
1571 638 1592 667 ‘
1610 640 1727 698 aut
1772 633 2054 697 militum
2098 652 2172 696 se
2220 634 2546 710 manibus,

338 748 452 807 aut
473 742 636 818 suiS‚
661 738 1067 804 moriturum'
1090 740 1458 805 obtestans:
1488 743 1567 802 ut
1595 757 1922 822 quemque
1950 741 2206 801 notump
2231 741 2297 800 et
2323 736 2551 821 aliquo

337 845 605 910 militari
633 842 923 907 decorem
951 843 1271 925 insignem
1302 849 1681 927 aspexerat,
1714 840 1798 904 ad
1828 839 2160 904 ferendam
2202 859 2401 925 opem
2429 857 2552 904 no·

332 389 623 461 &ssoe21²
1016 384 1555 436 mswolusltuu
1603 384 1752 434 Lm.
1798 384 1914 434 111.

337 1046 510 1108 sisque,
527 1042 608 1107 qui
629 1047 901 1105 suggestum
922 1043 1252 1104 defendebant,
1273 1045 1490 1095 ultimam
1509 1043 1781 1094 violentiam
1798 1041 1990 1098 inferre
2011 1040 2259 1105 parabant.
2313 1038 2553 1089 Antonius

339 1109 506 1171 olv’ecit
526 1114 704 1172 pectus,
735 1111 913 1158 nudato
937 1124 1061 1170 ense,
1094 1108 1347 1168 obtestans,
1373 1119 1464 1159 aut
1488 1108 1630 1159 ferro
1655 1109 1891 1169 militum,
1914 1115 2003 1156 aut
2026 1123 2116 1155 suo
2141 1106 2459 1181 peritum-om.
2494 1108 2550 1152 ut

336 1175 598 1240 quempiam
617 1179 788 1224 notum
810 1181 868 1223 et
887 1173 1140 1237 insignem
1163 1175 1582 1239 animadverterat,
1612 1179 1694 1224 aut
1722 1174 1876 1237 aliquo
1898 1173 2099 1223 militari
2118 1172 2290 1221 lwnore
2308 1169 2552 1232 eximium,

1266 1320 1326 1340 Ν
1329 1320 1623 1341 θθθθθθθθθθθ

337 1416 486 1469 dens.
506 1420 805 1471 sentia—10
830 1419 915 1470 Ita
938 1421 1066 1470 Mss.
1087 1422 1230 1472 Flor.
1255 1420 1406 1470 Harl.
1430 1420 1588 1470 Bodl.
1610 1420 1723 1473 Jes.
1750 1417 1926 1470 Guelf.
1952 1416 2273 1467 Puteolanus
2297 1419 2352 1464 et
2375 1425 2554 1478 recen-

338 1481 521 1535 tiores.
587 1486 652 1535 In
676 1487 815 1536 Mes.
839 1487 970 1552 Reg.
996 1487 1155 1537 Corb.
1179 1487 1409 1537 editione
1432 1486 1689 1552 principe,
1720 1493 1777 1538 et
1804 1483 2029 1550 Lipsius,
2066 1480 2268 1533 militari
2298 1480 2554 1530 honore.-

1360 1673 1577 1727 NOTAE

336 1820 506 1871 donem
527 1820 666 1873 Hist.
682 1836 722 1873 1.
745 1829 801 1874 et
823 1824 952 1875 Otho
976 1827 1178 1876 Celsum.
1212 1824 1371 1876 Savil.

407 1903 444 1929 ¹¹
480 1898 579 1954 Qui
601 1900 834 1964 tribuual]
898 1902 1141 1953 Tribunal
1163 1903 1409 1952 ascende-

339 1976 425 2021 rat
446 1971 723 2037 Antonius,
745 1975 883 2026 forte
913 1985 969 2028 et
989 1994 1106 2029 curn
1130 1980 1242 2028 aliis
1265 1977 1406 2027 duci-

1487 1823 1588 1874 diae
1629 1830 1943 1889 strategema
1976 1826 2087 1872 tum
2119 1819 2307 1870 callide
2344 1825 2402 1868 et
2435 1829 2555 1881 pru-

1486 1901 1677 1952 denter
1700 1900 1986 1965 usurpavit.

1552 1978 1696 2027 Male
1736 1983 1968 2036 vertunt,
2008 1972 2153 2038 qnasi
2192 1971 2414 2020 strictum
2449 1969 2557 2031 gla-

339 2047 460 2111 bus,
484 2057 541 2098 ut
563 2052 709 2114 qnasi
732 2067 825 2116 pro
850 2054 1096 2104 concione
1120 2056 1408 2120 alloquere-

340 2129 431 2174 tur
469 2125 806 2193 placaretque
849 2130 1137 2181 seditiosos.
1202 2131 1265 2181 In
1305 2146 1433 2198 qno

339 2199 588 2251 tribunali
613 2212 668 2251 et
690 2205 885 2255 locatus
908 2207 1018 2270 ipse
1037 2208 1341 2271 Flavianus,
1351 2215 1412 2259 ut

340 2276 421 2325 sic
460 2277 737 2329 discrimini
782 2283 1130 2345 eximeretur3
1182 2291 1238 2334 at
1283 2284 1413 2335 sedi-

341 2352 465 2403 tiosi
497 2352 730 2407 furentes
754 2357 1025 2422 disjiciunt
1047 2360 1238 2410 milites
1270 2362 1409 2425 ipsos

342 2431 436 2495 qui
478 2432 687 2483 tribunal
729 2437 1010 2498 tuebaneur‚·
1057 2446 1114 2488 et
1152 2439 1410 2502 parabant

345 2507 645 2560 interficere
669 2513 917 2576 legatum,
950 2514 1004 2564 ni
1043 2515 1299 2566 Antonius
1338 2516 1412 2565 fa·

342 2585 606 2649 cundiam,
642 2590 1023 2657 auctoritatem,
1044 2593 1313 2664 sinumque
1335 2593 1412 2658 ip·

339 2674 454 2710 sum
478 2664 826 2727 opposuisset.

359 2746 420 2773 ’ὓ
455 2740 711 2805 Opposuit]
777 2744 1013 2808 opponit
1048 2744 1214 2794 sinum
1254 2744 1413 2794 Anto-

339 2816 479 2879 nius‘,
499 2818 677 2883 sicque
701 2821 907 2885 obtegit
927 2822 1246 2872 Flavianum.
1299 2824 1410 2887 Op-

339 2892 495 2956 ponit
509 2891 676 2943 sinum
693 2894 970 2958 Antonius,
996 2899 1234 2947 strictum
1256 2912 1411 2947 manu

342 2961 531 3031 gerens
550 2970 794 3032 gladium,
813 2976 958 3023 etsie
976 2972 1172 3023 resistit
1194 2974 1412 3023 irruenti

343 3045 549 3109 caligae,
563 3047 982 3114 obtestaturque,
1003 3051 1084 3100 vel
1110 3050 1281 3113 gladio
1299 3065 1412 3114 suo,

345 3123 432 3172 vel
455 3124 690 3173 manibus
711 3126 932 3175 militum
957 3126 1261 3189 periturum.

409 3198 633 3264 Stringit
652 3199 850 3251 ferrum
877 3201 1147 3265 Antonius,
1167 3218 1267 3253 non
1290 3219 1413 3268 qua·

345 3272 391 3322 si
415 3275 623 3325 omnino
646 3276 889 3326 resistere
915 3278 1040 3340 velit
1061 3279 1414 3342 saevientibus,

346 3357 404 3399 et
439 3351 541 3400 vim
583 3366 761 3402 arcere
802 3353 913 3417 ipse
955 3368 1050 3418 per
1090 3369 1145 3403 se
1184 3356 1411 3418 cogitet3

342 3427 489 3493 (quis
529 3430 665 3479 enim
691 3438 773 3481 tot
805 3432 987 3494 caligis
1019 3433 1234 3483 obsistat
1249 3434 1295 3498 Ρ)
1319 3435 1415 3484 sed

346 3507 511 3558 veluti
550 3510 824 3560 moriturus
845 3526 938 3561 sua
959 3526 1132 3574 manu,
1155 3518 1246 3562 aut
1267 3522 1414 3563 certe

347 3584 538 3646 aliena,
570 3586 795 3649 gladium
833 3588 1060 3652 stringit,
1093 3589 1134 3637 si
1174 3604 1231 3638 se
1267 3591 1413 3640 caede

343 3659 564 3710 aliorum
581 3657 775 3711 ducum
788 3663 1020 3727 polluere
1043 3664 1236 3713 audeat
1252 3666 1415 3716 miles,

411 3735 585 3801 Igitur
605 3735 663 3785 τὸ
683 3740 851 3787 stricto
859 3738 1014 3801 ferro,
1036 3739 1195 3789 debet
1225 3738 1413 3790 referri

343 3810 415 3861 ad
458 3811 761 3876 Antonium,
803 3815 893 3878 qui
934 3816 1147 3865 strinxit
1200 3814 1415 3879 ferrum,

347 3888 503 3938 simul
527 3896 583 3939 et
604 3892 851 3954 opposuit
881 3892 1046 3941 sinum
1080 3893 1273 3942 nudum
1309 3896 1414 3958 gia-

346 3964 447 4015 diis
485 3967 735 4027 militum;
771 3969 845 4017 sic
886 3969 1076 4032 partim
1112 3969 1414 4021 audaciores
1454 3974 1461 3980 '

347 4044 668 4109 repulsurus,
691 4043 874 4106 partim
913 4045 1254 4097 modestiores
1293 4062 1414 4097 con-

347 4112 641 4182 allaturus,
681 4137 796 4170 cum
837 4120 1131 4173 obtestatur
1165 4124 1217 4173 in
1253 4131 1418 4174 semet

258 4231 269 4238 -
350 4196 622 4248 strinxisse
646 4196 889 4248 ferrum.·
929 4200 1000 4249 Et
1019 4199 1153 4263 haec,
1188 4206 1247 4251 ut
1282 4201 1417 4265 peri-

351 4276 436 4324 tus
455 4272 784 4352 ingeniorum
810 4273 1130 4343 militarium,
1164 4281 1220 4327 et
1239 4275 1417 4329 facun-

1485 2056 1619 2104 diam
1654 2053 1895 2105 Antonius
1927 2066 2020 2101 suo
2058 2050 2260 2114 pectori
2297 2047 2555 2110 adigeret.

1488 2130 1807 2195 Opponebat
1846 2129 2011 2178 sinum
2048 2134 2104 2177 et
2141 2125 2364 2189 gladium
2408 2137 2554 2173 sunm

1487 2206 1757 2270 militibus,
1798 2212 2044 2270 tanquam
2077 2204 2159 2253 vel
2191 2216 2285 2252 sna
2321 2201 2403 2249 vel
2427 2199 2559 2248 mili-

1488 2293 1600 2335 turn
1622 2298 1773 2334 mann
1797 2283 2098 2343 moriturus,
2137 2285 2380 2344 tanquam
2405 2289 2558 2341 para·

1488 2368 1573 2411 tus
1606 2362 1659 2411 in
1700 2375 1756 2410 se
1796 2360 1990 2410 ferrum
2031 2357 2360 2420 distringere,
2388 2354 2557 2405 nt2sie

1487 2438 1604 2488 illos
1646 2438 1930 2498 cohiberet,
1974 2436 2258 2499 mitigaret,
2299 2432 2558 2497 placaret·

1489 2529 1591 2579 que
1614 2514 1825 2563 tandem
1842 2513 2041 2563 animos
2063 2510 2207 2574 vulgi
2228 2509 2443 2559 conciti.

1553 2599 1579 2624 ⁰
1621 2591 1805 2641 Stricta
1840 2588 2003 2652 ferro]
2087 2588 2245 2651 Cepit
2296 2587 2556 2649 interpres

1491 2667 1776 2732 Hispanus,
1793 2668 1938 2733 quasi
1962 2664 2144 2730 gladiis
2166 2662 2385 2713 militum
2410 2661 2559 2711 strie-

1493 2746 1561 2795 t-is
1604 2746 1770 2795 sinum
1815 2749 2107 2809 opponeret
2150 2739 2439 2790 Antonius:
2497 2744 2561 2787 ut

1491 2822 1669 2886 potius
1712 2823 1858 2871 ilium
1899 2818 2259 2879 confoderent,
2301 2831 2454 2881 quam
2496 2829 2557 2864 se

1491 2900 1727 2949 Flaviani
1758 2899 2039 2950 consularis
2076 2896 2236 2961 legati
2269 2897 2414 2946 caede
2447 2895 2559 2958 pol-

1486 2975 1717 3027 luerent.
1764 2976 1889 3040 Ipse
1906 2974 2164 3025 Antonius
2183 2972 2380 3023 ferrum
2403 2972 2561 3021 strin-

1491 3058 1664 3104 xerat.
1995 3071 2004 3078 ·

1554 3135 1582 3169 Ρ
1601 3128 1803 3192 Notum]
1838 3127 1905 3178 Id
1929 3103 2026 3193 est,
2041 3126 2398 3191 conspicuum,
2414 3139 2564 3191 spec·

1491 3206 1725 3269 tabilem,
1749 3207 2011 3257 eximium.
2047 3205 2223 3256 Possit
2244 3203 2380 3254 forte
2399 3205 2559 3254 etiam

1490 3283 1713 3347 intelligi
1752 3283 2063 3348 simpliciter
2096 3283 2163 3331 de
2198 3280 2364 3332 milite
2403 3295 2556 3346 quern

1495 3362 1708 3424 proprio
1751 3361 1959 3411 nomine
2000 3366 2209 3409 nosset:
2266 3368 2321 3407 et
2365 3356 2561 3421 gaudet

1491 3437 1640 3486 miles
1663 3438 1805 3486 nosci
1836 3437 1972 3498 duci,
2008 3442 2064 3486 et
2085 3438 2139 3485 in
2180 3432 2562 3493 occasionibus,

1494 3528 1670 3575 operae
1708 3512 1959 3562 navandae
2000 3528 2056 3560 se
2096 3511 2337 3559 idoneum
2379 3508 2561 3557 existi-

1493 3591 1651 3639 mari:
1683 3605 1786 3655 qua
1808 3590 2009 3639 ratione
2026 3588 2296 3653 praecipue
2317 3584 2566 3635 concilia·-

1495 3674 1580 3717 tur
1601 3666 1783 3730 vulgus

1562 3740 1803 3792 Attamen
1823 3741 1941 3806 quia
1960 3740 2134 3790 statim
2154 3737 2319 3801 addit,
2337 3743 2388 3796 et
2406 3736 2563 3802 aliquo

1493 3818 1698 3868 valituri
1720 3821 1881 3867 decore
1912 3816 2165 3878 insignem,
2200 3816 2276 3865 sie
2314 3814 2452 3864 forte
2485 3815 2562 3864 in-

1495 3895 1662 3959 telligi
1694 3894 1879 3959 possit,
1912 3893 1954 3943 si
1987 3894 2241 3943 illustrem
2278 3900 2332 3942 et
2356 3889 2562 3955 conspi-

1495 3986 1647 4021 cuum
1671 3971 1792 4020 belli
1821 3971 2011 4021 decore
2048 3971 2337 4035 quempiam
2371 3982 2564 4032 aspexe-

1495 4053 1606 4096 rat.-
1638 4050 1653 4076 ‘
1673 4048 1726 4096 Si
1762 4047 1900 4097 forte
1938 4048 2100 4096 virum
2124 4061 2276 4112 quem
2297 4046 2564 4108 Conspex-

1496 4139 1602 4186 ere,
1625 4124 1815 4187 silent,'
1834 4128 1934 4177 διο.
1965 4125 2053 4175 Sic
2076 4124 2217 4190 alibi,
2230 4127 2363 4173 notos
2378 4119 2582 4188 equits·-

1497 4215 1595 4265 pro
1614 4201 1840 4264 assignes.
