3050 4917
1149 352 1272 403 .'u·.
1315 351 1693 403 munzun
1736 352 2039 405 mlssll

2389 357 2717 427 [Adam

509 497 727 577 (urna,
777 496 1053 585 Alpium
1106 497 1583 607 maritimarum
1637 499 2087 577 Pmouratom
2105 495 2135 537 ¹¹
2186 498 2363 567 fidus
2414 501 2714 585 vitane,

511 602 715 687 cujas
745 605 1267 679 sacramentum,²
1302 601 1555 668 cunctis
1582 601 2169 682 circa-hostilibuS,
2197 603 2717 674 nondumflam
2812 703 2822 712 ·

497 745 622 842 ‘finde
655 779 875 842 agitabat
914 778 1105 829 Murius
1137 778 1383 842 Mutum,
1415 785 1697 844 procurator
1732 747 1928 845 Alpium
1961 781 2332 845 maritimarum,
2366 788 2584 840 constans
2606 739 2716 850 pr}

515 840 728 911 Vitellio,
747 846 879 907 curius
898 844 1054 911 fidem
1074 847 1278 918 nondum
1295 850 1531 910 mutarat,
1562 847 1743 896 auctis
1762 848 1941 896 circum
1960 845 2175 907 infensis.
2240 846 2297 896 Is
2317 847 2515 911 benigue
2546 849 2715 900 Valeri-

1435 990 1616 1010 ‘OM

1619 991 1795 1011 ‘Oom

510 1090 730 1159 proinde
748 1090 955 1144 set-itia.
985 1088 1267 1142 Oberl.—4
1301 1090 1402 1141 Ms.
1425 1089 1657 1143 Budens.
1680 1092 1809 1143 baud
1827 1094 2108 1145 adverse—5
2143 1095 2292 1146 Idem
2311 1095 2415 1148 Ma.
2435 1064 2715 1159 speculator.

511 1162 613 1208 -6
642 1157 727 1208 Sic
746 1158 853 1208 Ms.
876 1157 1018 1207 Flor.
1041 1156 1206 1207 editio
1229 1156 1492 1224 princeps,
1512 1158 1744 1209 Pichena
1765 1164 1821 1208 et
1838 1159 2173 1211 recentiores.
2234 1162 2370 1212 Mss.
2397 1161 2549 1212 Harl.
2573 1161 2723 1218 Bodl.

1511 1325 1725 1378 NOTAE

510 1423 671 1488 filius.
734 1437 833 1488 Est
853 1444 909 1488 et
932 1438 1082 1503 alius,
1115 1437 1203 1505 qui
1225 1453 1408 1489 nomen
1430 1444 1578 1490 vetus

512 1514 682 1566 adhuc
704 1516 913 1581 retinet,
928 1518 1122 1568 Portus
1138 1516 1418 1569 Herculis.'
1474 1517 1579 1568 Sed

514 1599 572 1643 et
615 1593 682 1643 ab
715 1594 916 1656 eodem,
957 1609 1073 1646 cum
1113 1600 1266 1659 portu
1308 1600 1576 1645 exstructa

513 1670 681 1721 videri
706 1678 879 1735 potest
899 1687 1012 1736 arx,
1040 1674 1126 1722 cui
1150 1673 1366 1734 Menige,
1386 1674 1470 1722 vel
1492 1673 1579 1738 (ut

510 1747 626 1812 alii)
649 1749 899 1813 monacho,
937 1763 1120 1800 nomen
1143 1749 1339 1812 .vulgus
1377 1741 1576 1798 nostra-

513 1825 645 1875 tium
683 1826 790 1890 dat,
832 1843 863 1877 a
914 1827 1087 1891 priore
1128 1826 1294 1875 literis
1341 1826 1577 1891 pauculis

516 1900 734 1954 distans.

577 1979 697 2030 Hoc
731 1978 915 2030 suadet
951 1977 1248 2030 Ammianus
1287 1980 1324 2031 l.
1358 1992 1449 2031 xv.
1483 1977 1577 2031 ubi

512 2054 580 2107 de
623 2057 866 2107 Thebano
902 2055 1133 2107 Hercule
1181 2056 1245 2106 ad
1282 2056 1574 2122 Geryonem

511 2132 966 2196 exstinguendum,
991 2138 1046 2181 et
1066 2131 1370 2182 Tauriscum
1407 2133 1575 2184 lenius

510 2209 799 2273 gradiente,
853 2211 869 2237 ‘
894 2209 1157 2272 Monoeci,'
1211 2210 1398 2276 inquit,
1453 2211 1470 2239 ‘
1494 2226 1575 2261 ar-

510 2299 623 2336 cem
648 2291 703 2335 et
723 2293 929 2351 portum
965 2285 1032 2335 ad
1066 2300 1345 2350 perennem
1370 2288 1449 2337 sui
1469 2303 1576 2339 me-

511 2364 727 2414 moriam
750 2364 1111 2415 consecravit!
1158 2365 1360 2417 Quibus
1381 2365 1576 2428 verbis,

510 2455 605 2492 arx
639 2442 864 2505 Monoeci,
887 2448 943 2493 et
976 2444 1153 2492 Portus
1187 2443 1413 2493 Herculis
1433 2444 1575 2493 Mon-

509 2518 617 2581 oeci,
640 2518 844 2569 diversa
865 2519 967 2570 duo
990 2519 1363 2585 significantur.

577 2596 710 2647 Haec
751 2612 847 2660 ego
887 2604 1090 2647 tentare
1119 2598 1302 2659 solum,
1335 2597 1576 2648 Volater-

508 2687 664 2723 ranus
684 2671 940 2723 affirmare
966 2687 1117 2723 ausus
1140 2680 1221 2723 est
1246 2675 1281 2722 l.
1303 2686 1383 2722 xv,
1416 2673 1431 2701 ‘
1455 2674 1574 2723 Mo-

507 2750 644 2800 noeci
665 2751 875 2808 Portus,
898 2749 1032 2814 quod
1059 2750 1195 2800 solus
1224 2749 1296 2800 ibi
1316 2749 1572 2800 Hercules

508 2830 789 2891 coleretur,
811 2830 960 2879 hodie
986 2829 1301 2882 Monachus?
1350 2830 1570 2881 Vertran.

571 2909 652 2957 Ad
675 2908 896 2973 Portum]
966 2906 1231 2970 Interpres
1273 2906 1490 2973 Hispan.
1522 2910 1573 2958 al

501 2976 690 3035 hereo
711 2987 769 3033 de
798 2985 927 3035 Villa
950 2985 1151 3036 franca.

497 3069 502 3074 '
571 3062 750 3111 Portus
778 3062 996 3111 Herculis
1021 3062 1249 3126 Monoecr]
1304 3063 1444 3113 Urbs
1466 3064 1570 3115 Ve-

507 3137 817 3190 diantiorum
843 3140 1164 3203 populorum,
1187 3141 1238 3188 in
1262 3141 1471 3206 Liguria
1491 3156 1570 3191 re·
1600 3182 1605 3186 .

508 3215 662 3281 gione
686 3217 850 3266 Italiae
870 3235 883 3267 ε
919 3218 1072 3267 hodie
1088 3219 1289 3268 Monaco
1306 3220 1387 3268 vel
1405 3219 1571 3269 Mour-

500 3306 636 3355 gues,
672 3292 790 3342 urbs
812 3293 1131 3359 principatus
1155 3295 1383 3357 Monaci,
1407 3310 1570 3360 prope

504 3383 647 3419 oram
670 3369 1018 3420 Genuensem.
1090 3371 1331 3423 Tillemon.

567 3441 595 3480 ¹¹
629 3448 869 3511 Maturus,
884 3448 1078 3511 Alpium
1098 3449 1443 3500 maritimarum
1463 3466 1570 3514 pro·

502 3526 715 3590 curator]
772 3525 940 3586 Idem,
962 3525 1095 3604 libro
1118 3528 1387 3592 superiori,
1408 3529 1460 3577 in
1483 3529 1568 3580 Li-

501 3603 652 3669 guria
671 3603 979 3654 Othonianis
1020 3599 1234 3665 resistit,
1257 3619 1383 3670 quos
1423 3622 1566 3657 arce.

497 3680 596 3732 bat
619 3696 682 3731 ne
709 3678 898 3729 finibus
939 3679 1230 3729 Provinciae
1261 3689 1449 3732 nostrae
1476 3699 1567 3748 ap-

502 3758 945 3825 propinquarent:
996 3765 1103 3807 tum
1136 3759 1269 3808 enim
1311 3760 1362 3808 in
1405 3760 1567 3810 verba

500 3835 702 3885 Vitellii
728 3834 1005 3884 Provincia
1029 3835 1215 3885 adacta
1237 3843 1372 3894 erat,
1412 3853 1567 3901 quam

500 3913 692 3964 deinde
718 3921 1022 3976 procurator
1045 3915 1280 3965 Valerius
1317 3915 1565 3965 Paulinus

499 3992 863 4057 Forojuliensis
888 3994 937 4041 in
964 3994 1268 4057 Vespasiani
1294 3993 1451 4044 verba
1475 3993 1565 4043 ad-

500 4069 629 4134 egit,
650 4070 726 4119 uti
752 4086 866 4119 mox
891 4071 1089 4119 scribit.

565 4147 717 4197 Licet
750 4156 921 4196 autem
958 4147 1322 4196 maritimarum
1347 4145 1561 4209 Alpium

497 4217 732 4284 nationes
769 4224 836 4291 (si
861 4227 1071 4274 Romam
1094 4221 1361 4288 attendas)
1403 4224 1562 4274 Cisal-

499 4303 638 4371 pinae
670 4293 961 4367 complures
983 4306 1176 4372 esseut,
1197 4299 1409 4366 Veneti,
1434 4300 1563 4352 *Sta-

1660 1440 1809 1505 tielli,
1827 1442 2102 1505 Vacienni,
2136 1440 2374 1507 Megelli,
2394 1439 2721 1505 Euburiates,

1657 1518 1940 1582 Intemelii,
1988 1519 2229 1584 Ingauni,
2269 1522 2371 1570 &c.
2421 1518 2722 1583 Cisalpine,

1654 1594 1799 1658 Salii,
1838 1595 2119 1658 Deceates,
2171 1594 2386 1659 Oxybii,
2444 1608 2550 1644 non
2603 1594 2721 1645 ideo

1655 1670 2024 1723 maritimarum
2062 1672 2387 1735 procuratori
2408 1671 2579 1722 eidem
2603 1672 2723 1724 sub·

1654 1754 1804 1798 erant
1825 1763 2022 1813 omnes,
2040 1755 2101 1799 ut
2115 1765 2184 1800 ex
2197 1750 2299 1800 hoc
2320 1750 2434 1799 loco
2457 1747 2722 1799 observari

1656 1831 1849 1888 potest.

1720 1902 1982 1968 Quicquid
2022 1902 2159 1953 enim
2202 1902 2340 1953 inter
2384 1901 2626 1953 Macram
2664 1907 2721 1954 et

1653 1979 1847 2030 Varum
1884 1986 2016 2044 erat,
2055 1979 2233 2034 addito
2269 1977 2548 2043 municipio
2570 1978 2722 2030 Anti·

1656 2058 1778 2123 poli,
1791 2058 2007 2109 Romani
2023 2058 2156 2123 juris
2170 2056 2288 2123 fuit,
2302 2056 2583 2107 obediebat
2600 2070 2720 2121 pro·

1653 2135 1882 2185 curatori
1910 2135 2311 2185 maritimarum:
2359 2131 2608 2201 quicquid
2645 2133 2720 2184 in·

1657 2218 1738 2262 ter
1758 2210 1971 2275 Alpium
1996 2226 2193 2261 summa
2203 2211 2334 2276 juga
2355 2216 2411 2261 et
2435 2209 2716 2268 Massilita-

1655 2303 1773 2338 nam
1794 2288 2060 2349 ditionem,
2081 2288 2407 2353 procuratori
2438 2286 2717 2353 provincia

1654 2365 2003 2415 Narbonensis
2029 2365 2263 2429 parebat.

1718 2442 1819 2491 Sed
1833 2443 1933 2491 etsi
1950 2444 2091 2507 olim,
2105 2442 2387 2506 incipiente
2406 2442 2720 2508 principatu,

1651 2518 1877 2569 Lucilius
1919 2519 2125 2584 Capito,
2168 2518 2366 2569 Tiberii
2412 2518 2631 2569 Coesaris
2664 2519 2718 2570 iu

1651 2594 1780 2646 Asia
1802 2603 2121 2660 procurator,
2162 2611 2225 2646 eo
2248 2595 2385 2663 quod
2408 2611 2563 2646 manu
2585 2596 2719 2648 mili·

1653 2678 1760 2723 tum
1783 2689 1905 2724 usus
1926 2679 2081 2737 esset,
2121 2674 2173 2722 in
2207 2673 2417 2723 exilium
2440 2671 2717 2723 damnatus

1649 2748 1840 2814 fuerit3
1905 2752 2110 2814 sensim,
2149 2750 2369 2817 imperio
2412 2750 2721 2816 constituto,

1652 2828 1720 2879 ab
1740 2829 1831 2879 illo
1850 2845 2045 2880 summo
2059 2831 2178 2895 jure
2202 2842 2463 2878 recessum
2487 2832 2587 2877 est.
2688 2831 2691 2838 '

1714 2905 1849 2954 Tum
1872 2905 2007 2956 enim
2036 2906 2090 2955 in
2114 2903 2423 2969 provincias,
2443 2918 2561 2968 quoe
2586 2917 2720 2967 ρη-

1651 2989 1817 3033 torem
1871 2991 1961 3035 aut
2032 2981 2389 3048 proconsulem
2443 2981 2719 3046 baberent,

1648 3061 1953 3125 'procurator
1970 3063 2273 3125 plerumque
2288 3059 2613 3123 mittebatur,
2627 3058 2718 3125 qui

1647 3137 1874 3187 rationes
1899 3138 2165 3202 principis,
2204 3137 2530 3196 tributorum,
2551 3134 2718 3186 vecti·

1649 3215 1857 3280 galium,
1894 3215 2252 3281 redituumque
2290 3219 2517 3276 curaret,
2550 3219 2611 3262 ut
2648 3210 2716 3262 ad

1648 3289 1786 3342 Ann.
1808 3305 1909 3342 ιιι.
1933 3289 2173 3341 diximus.

1715 3369 1926 3419 Deinde
1948 3384 2063 3419 cum
2087 3382 2170 3419 res
2205 3368 2258 3417 in
2294 3365 2574 3431 provinciis
2595 3379 2718 3417 con·

1650 3448 1926 3510 sedissent,
1969 3448 2103 3496 solus
2153 3452 2464 3510 procurator
2517 3444 2572 3493 in
2624 3457 2714 3493 eas

1646 3525 1853 3592 missus,
1893 3532 1947 3575 et
1984 3522 2361 3588 praesidiorum,
2391 3520 2715 3587 militumque

1649 3610 1705 3654 et
1727 3603 1804 3653 rei
1826 3602 2127 3667 principalis
2152 3614 2327 3651 curam
2346 3598 2565 3659 habuit:
2590 3612 2714 3662 qua-

1647 3680 1710 3731 lis
1751 3679 1890 3745 apud
1929 3679 2152 3730 Plinium
2192 3679 2293 3741 Ep.
2333 3680 2387 3727 ⁷:
2431 3673 2715 3725 Terentius

1643 3758 1854 3820 Junior,
1889 3762 1945 3808 et
1974 3756 2213 3807 Valerius
2234 3755 2482 3806 Paulinus
2520 3767 2585 3803 ex
2614 3753 2714 3803 Ta·

1645 3834 1752 3884 cito
1776 3834 1982 3884 videtur

1711 3912 1781 3961 Et
1800 3912 1843 3961 si
1859 3910 2145 3960 Proconsul
2163 3907 2453 3973 provinciam
2468 3906 2714 3971 rexisset,

1644 4002 1761 4037 cum
1798 3988 1865 4037 de
1900 3987 2119 4050 imperio
2146 3985 2491 4048 Vespasianus
2526 3988 2583 4033 et
2620 3982 2709 4032 vi-

1644 4066 1818 4116 tellius
1837 4064 2235 4124 contenderent,
2248 4062 2420 4125 aliqua
2439 4061 2556 4125 ejus
2572 4063 2711 4111 esset

1642 4159 1674 4194 a
1693 4143 1872 4196 Tacito
1895 4141 2035 4192 facta
2053 4139 2264 4191 mentio.
2337 4139 2557 4190 Vertran.

1688 4219 1720 4253 ‘¹
1753 4220 1902 4281 Cuius
1923 4217 2285 4281 sacramentum]
2350 4216 2511 4281 Cuius
2549 4213 2708 4267 fldem

1643 4306 1699 4351 et
1719 4306 1900 4364 partes
1921 4296 2147 4348 nondum
2168 4295 2477 4361 ejurarent.
2582 4309 2585 4314 2
2618 4309 2625 4314 ·
2660 4333 2666 4338 .
