3050 4917
339 394 658 461 tems*
2363 370 2562 459 boui·

347 537 833 611 nnfflosadhuc
859 538 928 604 in
950 532 1215 605 Gallia?
1244 531 1493 621 vivere,
1512 547 1666 607 ante
1693 544 1940 611 tributa
1955 532 2239 630 genitos.
2314 549 2555 639 Nuper

350 650 547 723 cette,
591 662 776 711 caeso
818 640 1153 722 Quintilio
1175 642 1389 723 Varo,
1412 647 1686 730 pulsam
1712 646 2135 727 eGermania
2153 655 2554 723 servitutem.

346 745 501 815 Nec
546 742 897 812 Vitellium
947 747 1357 831 Principem,
1405 751 1520 814 sed
1572 749 1908 817 Caesarem
1957 753 2335 839 Augustum
2376 759 2554 827 bello

346 858 800 935 pnnvocatum.
893 850 1298 921 Libertatem
1328 859 1593 933 natura,
1634 846 1834 920 etiam
1863 860 2096 922 mutis³
2130 861 2551 943 animalibus,

348 954 594 1023 datam.
683 954 1015 1020 Virtutem
1059 959 1396 1040 proprium
1423 958 1804 1023 hominunm*
1832 961 2101 1025 bonum.
2191 963 2375 1028 Deos
2419 964 2553 1030 for-

346 1053 633 1123 tioribus
656 1056 912 1122 adesse.
1002 1058 1293 1124 Proinde
1316 1062 1669 1145 arriperent
1689 1062 1886 1128 vacui
1909 1070 2297 1148 occupatoS,
2321 1068 2554 1151 integri

344 1162 597 1227 sessos:
643 1159 802 1224 dum
822 1161 938 1224 alii
956 1160 1471 1246 Vespasianum,
1502 1164 1620 1228 alii
1637 1152 2006 1245 Vitellium,
2021 1166 2313 1248 sov'eant,
2332 1176 2552 1254 patere

345 1265 565 1328 locum
596 1263 917 1329 adversus
942 1262 1333 1350 utrumque?

432 1367 541 1435 18.
590 1368 738 1433 Sic¹
790 1369 860 1433 in
887 1366 1148 1434 Gallias
1189 1368 1713 1456 Germaniasque
1757 1374 2066 1453 intentus»,
2115 1376 2174 1440 si
2223 1376 2553 1443 destinata

340 1472 827 1553 provenissent,
905 1471 1461 1539 validissimarum
1533 1475 2139 1562 ditissimarumque
2207 1480 2551 1545 nationum

348 1571 585 1656 Regno
611 1576 1018 1641 imminebat.
1108 1574 1205 1641 At
1250 1576 1537 1641 Flaccus
1567 1578 2000 1645 Hordeonius
2030 1582 2282 1665 primos
2311 1581 2550 1649 Civilis

347 1684 631 1744 conatus
668 1699 783 1763 per
827 1678 1430 1745 dissimulationem
1476 1682 1664 1748 aluit.
1755 1681 1896 1748 Ubi
1942 1688 1961 1718 ‘
1989 1690 2371 1769 expugnata
2400 1706 2552 1751 cas-

344 1785 493 1859 tra,‹=
522 1782 775 1847 deletas
805 1781 1128 1862 cohorteS‚
1167 1784 1443 1866 ’pulsum
1473 1785 1886 1852 Batavorum
1917 1787 2141 1852 insula
2170 1784 2549 1855 Romanum

1054 384 1610 447 fflfflRIAEBUM'*
1638 392 1786 451 Lm.
1823 402 1940 453 ‘IV-

347 1970 429 2015 tus
455 1966 683 2016 Oriens:
717 1967 965 2033 plurimos
983 1969 1149 2019 adbuc
1171 1968 1221 2018 in
1243 1968 1416 2021 Gallia
1438 1984 1728 2035 superesse,
1749 1976 1898 2021 natos
1918 1969 2354 2035 antevectigalia.
2390 1968 2551 2036 Haud

345 2032 547 2094 pridem
569 2039 731 2095 certe,
755 2032 1036 2085 interfecto
1053 2035 1337 2086 Quinctilio
1351 2036 1513 2100 Varo,
1533 2035 1860 2087 exturbatam
1879 2036 1909 2087 'e
1928 2036 2210 2086 Germania
2227 2034 2551 2087 servitutem.

346 2097 458 2148 Nec
484 2098 758 2148 Vitellium
789 2098 1171 2163 imperatorem,
1207 2099 1300 2148 sed
1323 2101 1582 2151 Caesarem
1605 2100 1894 2166 Augustum
1922 2107 2033 2151 tunc
2055 2101 2211 2151 armis
2235 2098 2551 2153 lacessitum.

348 2161 671 2213 Libertatem
711 2177 743 2212 a
780 2171 966 2214 natura
1001 2179 1314 2228 concessam,
1354 2166 1512 2216 etiam
1554 2168 1710 2217 mutis
1749 2167 2106 2218 animantibus.
2172 2166 2551 2216 Fortitudinem

345 2229 617 2293 proprium
637 2229 851 2279 hominis
873 2231 1048 2281 decus.
1113 2231 1252 2281 Deos
1283 2232 1581 2283 melioribus
1613 2231 1810 2283 favere.
1878 2232 2048 2297 Igitur
2076 2232 2379 2281 invaderent
2401 2230 2554 2283 liberi

347 2299 401 2343 et
421 2293 658 2358 expediti
682 2294 935 2351 distentos
969 2310 1031 2347 ac
1070 2295 1364 2360 impeditos,
1398 2304 1643 2348 recentes
1679 2296 1923 2362 fatigatos
1966 2304 2123 2362 atque
2149 2298 2390 2346 attritos:
2427 2296 2552 2347 dum

347 2358 428 2407 alii
443 2359 639 2423 juvant
662 2359 1054 2426 Vespasianum,
1089 2362 1178 2411 alii
1198 2361 1490 2428 Vitellium,
1527 2363 1719 2428 aperiri
1740 2363 2065 2414 occasionem
2089 2362 2332 2412 adversus
2356 2368 2553 2412 utrum-

414 2438 462 2476 e.
692 2454 695 2459 -
784 2472 791 2481 ,
854 2454 859 2461 -
939 2464 947 2471 .
1967 2474 1970 2477 ,
2099 2468 2110 2477 Χ

347 2438 493 2545 quItu
537 2492 715 2543 Galliis
738 2492 1107 2556 ‘Germaniisque
1142 2491 1404 2555 imminens,
1437 2492 1482 2542 si
1513 2493 1711 2545 consilia
1738 2493 2088 2559 processissent,
2121 2492 2555 2556 potentissimarum
2653 2504 2663 2517 ‘

345 2556 890 2623 opulentissimarumqae
925 2557 1144 2620 gentium
1188 2556 1434 2619 imperium
1456 2558 1850 2622 *adipiscebatur-u
1906 2561 1973 2607 At
2016 2557 2211 2607 Flaccus
2250 2557 2555 2607 Hordeonius

341 2619 497 2682 prima
519 2622 693 2672 Civilis
714 2628 863 2688 coepta
882 2623 1217 2672 dissimulando
1225 2622 1373 2681 socie.
1438 2623 1700 2686 Postquam
1729 2630 1903 2673 tamen
1923 2623 2089 2687 pavidi
2108 2622 2266 2672 nuntii
2285 2623 2551 2688 mebant,

349 2693 503 2751 capta
524 2687 778 2754 hyberna,
799 2687 941 2740 fusas
962 2689 1219 2752 cobortes,
1242 2688 1465 2752 ejectum
1489 2689 1736 2755 populum
1760 2689 1913 2740 Rom.
1937 2703 2004 2739 ex
2026 2688 2198 2739 insula·
2211 2690 2551 2752 Batavorum,

1273 2819 1330 2838 O!
1336 2819 1628 2840 “OOOH‘OO

414 2922 444 2967 3
476 2919 625 2969 Male
646 2919 779 2971 Mss.
802 2921 929 2985 Reg.
955 2918 1128 2971 Guelf.
1151 2923 1206 2969 et
1229 2919 1395 2969 editio
1414 2919 1680 2983 princeps,
1702 2918 1878 2970 multis.
1933 2920 2150 2971 Frustra
2173 2923 2343 2968 tentat
2363 2917 2554 2969 Acida-

349 2982 465 3046 lius,
487 2984 659 3036 brutis.
691 2986 1018 3037 Brotier.—4
1051 2986 1139 3035 Ita
1160 2985 1290 3035 Mss.
1314 2986 1451 3035 Flor.
1467 2986 1596 3049 neg.
1630 2985 1766 3035 Bud.
1791 2983 1922 3048 Agr.
1946 2984 2107 3033 editio
2147 2984 2410 3049 princeps,
2430 2985 2552 3036 Jac-

351 3050 642 3100 Gronovius
666 3057 722 3100 et
743 3050 1081 3101 recentiores,
1150 3049 1468 3100 Puteolanus
1492 3066 1609 3100 cum
1631 3049 1853 3114 Ryckio,
1872 3049 2089 3099 hominis.
2125 3048 2289 3101 Idem.

416 3120 441 3164 1
477 3116 764 3181 Perperam
785 3116 836 3166 in
859 3116 1111 3182 Lipsianis
1130 3115 1436 3182 quibusdam
1459 3116 1787 3181 editionibus,
1809 3117 1932 3169 sicut
1952 3117 2003 3163 in
2029 3115 2229 3164 Gallias.
2264 3115 2556 3167 Brother.—

1324 3262 1564 3325 'No‘rAE

349 3404 496 3455 reges
515 3397 572 3442 et
590 3392 810 3443 maxima
826 3391 1061 3457 imperia.
1129 3394 1414 3458 comparat

351 3466 612 3519 Asiaticos
651 3484 768 3521 cum
807 3469 976 3520 Gallis
1026 3476 1082 3520 et
1119 3470 1412 3533 Germanis,

353 3545 440 3609 qui
462 3546 716 3597 acerrime
757 3552 970 3597 tuentur
1003 3547 1319 3610 libertatem,
1356 3555 1414 3598 et

351 3623 439 3685 qui
456 3629 740 3687 regnantur
755 3622 865 3675 fere
881 3624 933 3673 in
947 3631 1199 3690 quantum
1217 3624 1414 3688 volunt,

347 3699 495 3762 ¹apud
517 3714 644 3765 quos
668 3701 875 3762 modici,
898 3702 987 3751 vel
1008 3700 1136 3750 nulli
1160 3715 1331 3763 reges.-

340 3808 347 3814 -
420 3776 560 3828 Hinc
582 3777 758 3828 statim
791 3778 989 3829 occisus
1005 3777 1286 3841 Arminius,
1324 3778 1413 3849 qui

348 3853 678 3906 Germanicas
697 3856 931 3907 libertati
947 3848 1306 3920 insidiabatur,
1324 3857 1414 3921 qui

343 3942 567 3994 -regnnm
587 3932 729 3995 apud
746 3947 867 3983 snos
884 3930 1195 3983 affectabat:
1231 3933 1246 3960 ‘
1265 3933 1412 3997 quip-

344 4019 423 4068 2pe
459 4022 617 4073 regno
646 4007 863 4060 Arsacis
892 4010 1062 4061 acrior
1094 4016 1176 4060 est
1198 4010 1413 4060 Germa-

356 4097 539 4209 ἔξω
553 4086 806 4138 libertas:
845 4081 966 4138 Tac.
988 4087 1058 4139 de
1080 4088 1215 4139 Mor.
1232 4088 1411 4139 Germ.

420 4244 447 4278 Ρ
469 4240 650 4290 Multos
663 4240 815 4290 adhue
832 4241 883 4290 in
901 4240 1091 4304 Gallia]
1112 4241 1416 4295 eastsvide
1446 4240 1453 4247 “

352 4313 513 4378 Aega:
575 4317 633 4368 Si
655 4317 880 4371 enim&
901 4318 1338 4384 prima-servitute
1359 4325 1417 4371 et

1495 3391 1757 3458 stipendio
1775 3390 1911 3457 quod
1929 3390 2109 3441 Caesar
2124 3387 2369 3453 imposuit
2393 3387 2556 3453 capis,

1494 3469 1734 3534 capieris.
1801 3466 2076 3521 Quomodo
2110 3464 2246 3517 enim
2286 3478 2409 3514 vera
2441 3465 2567 3515 haec'

1493 3545 1732 3611 assertio,
1767 3558 1883 3595 cum
1904 3543 1972 3593 ab
1994 3557 2057 3593 eo
2077 3546 2311 3605 tempore
2333 3541 2399 3589 ad
2422 3541 2560 3592 hunc

1495 3623 1653 3685 diem,
1687 3621 1808 3671 anni
1842 3619 2083 3672 intersint
2111 3617 2225 3668 fere
2249 3631 2357 3668 cxx
2373 3618 2393 3675 ,Β
2441 3617 2558 3669 Nee

1496 3709 1603 3753 tam
1644 3701 1843 3764 vitales,
1887 3705 1947 3749 ut
1989 3697 2188 3763 opinor,
2230 3702 2356 3749 tunc
2397 3694 2561 3746 nostri

1496 3777 1656 3828 Gaui.
2533 3824 2540 3829 ⁴

1558 3856 1664 3906 Sed
1703 3853 1772 3904 ad
1804 3852 2097 3918 Augustum
2136 3852 2355 3919 ejusque
2392 3862 2562 3905 aevum

1496 3932 1552 3983 id
1575 3932 1760 3983 referri
1781 3931 1954 3982 verius
1975 3931 2094 3991 erit,
2127 3929 2214 3994 qui
2236 3942 2448 3979 censum
2469 3927 2563 3977 tri·

1494 4012 1779 4076 butumque
1812 4006 2059 4070 instituit,
2097 4005 2236 4072 quod
2271 4005 2564 4070 penderent

1496 4089 1660 4139 Galli.
1724 4086 1893 4152 quue
1914 4086 1966 4134 in
1989 4084 2265 4135 consulatu
2287 4097 2380 4133 suo
2401 4082 2563 4146 septi-

1493 4180 1598 4216 me.
1653 4164 1740 4216 Ad
1754 4178 1907 4228 quam
1923 4163 2176 4213 rationem
2206 4159 2333 4209 nihil
2352 4158 2566 4210 absurdi

1494 4250 1594 4294 ant
1606 4243 1725 4294 vani
1746 4243 1799 4292 in
1821 4230 1921 4291 hac
1943 4239 2180 4290 oratione
2199 4236 2392 4288 Civilis.
2423 4235 2567 4299 Lips-

1563 4330 1590 4364 ‘1
1615 4318 1814 4383 canera]
1846 4318 2078 4384 Scilicet,
2089 4315 2375 4382 legionum.
2407 4312 2570 4365 Sunii.
