3050 4917
306 959 325 967 ’
416 963 715 1032 hostium
768 966 948 1030 Duci
1000 963 1335 1048 ereptam.’

417 391 597 459 27⁷4
1122 406 1193 455 o.
1239 405 1435 455 coms
1448 404 1606 454 unu
1652 370 1910 453 ucri-1

418 551 738 619 validam⁰
789 551 1049 622 auferre
1107 549 1412 629 Vitellio,
1471 547 1542 613 in
1601 567 1738 613 rem
1796 548 2180 633 famamque
2195 548 2212 574 '
2266 537 2636 618 videbatur.

419 655 748 722 Possessa
798 659 953 740 i'pso
981 656 1254 719 transitu
1286 652 1609 718 Vicetia2¹
1635 652 1661 691 ἆ
1709 652 1889 737 quod
1934 672 2055 737 per
2085 673 2158 717 se
2178 673 2425 737 „parum
2474 658 2635 733 (ete-‚-

417 760 554 824 nim
585 761 868 825 modicae
909 758 1276 842 municipio
1308 754 1515 840 vires)
1565 758 1785 840 magni
1829 756 2141 821 momenti
2187 757 2410 821 locum
2458 759 2633 823 obti-

416 863 581 941 nuit,
643 863 1128 947 reputantibuS,
1177 864 1196 893 ‘
1230 861 1366 924 illie
1426 858 1769 924 Caecinam
1819 860 2133 942 genitum,
2157 866 2180 893 ⁰
2224 864 2291 923 et
2344 862 2633 943 patriam
2674 861 2707 888 ‘

1435 962 1514 1026 In
1565 962 2066 1028 Veronensibus
2113 964 2396 1046 pretium
2446 962 2576 1029 fuit
2598 959 2643 1028 :f

417 1070 732 1154 exemplo
782 1070 1154 1151 opibusque
1200 1071 1421 1148 partes
1461 1065 1719 1149 juvere.
1810 1064 1900 1130 Et
1942 1066 2353 1150 interjectus²
2383 1068 2636 1132 exerci-

418 1175 559 1236 tus⁸
606 1181 744 1257 per³
798 1171 1130 1236 Rhaetiam
1155 1169 1200 1235 J
1205 1171 1505 1253 uliasque
1536 1167 1751 1254 Alpes
1772 1166 1820 1235 :¹¹
1865 1176 2007 1247 ac,4
2046 1189 2130 1232 ne
2159 1169 2465 1253 pervium
2493 1166 2632 1235 illai

2307 408 2408 475 [A.
2429 409 2497 463 υ.
2518 412 2640 463 m.

420 1363 562 1413 bant.-
580 1363 740 1413 etiam
762 1377 789 1410 e
813 1377 870 1411 re
907 1368 962 1411 et
986 1361 1152 1426 gloria
1180 1361 1393 1425 panium
1415 1375 1512 1409 esse
1533 1360 1829 1423 credebatur,
1852 1361 1894 1411 si
1920 1361 2099 1412 urbem
2123 1363 2277 1425 longe
2301 1359 2639 1426 opulentissi-

418 1443 557 1481 mam
581 1436 636 1478 et
658 1428 1026 1477 commeatibus
1046 1427 1245 1476 firmam
1274 1426 1484 1487 Vitellio
1508 1425 1820 1476 adimerent.
1881 1429 2121 1491 Occupata
2142 1443 2202 1477 ex
2223 1428 2393 1476 itinere
2422 1427 2635 1477 Vicetia:

418 1496 546 1571 quod
566 1509 628 1543 ex
649 1508 698 1542 se
717 1496 948 1542 modicum
970 1493 1162 1557 (quippe
1184 1498 1344 1541 tenues
1365 1491 1555 1540 colonia»
1579 1490 1711 1554 opes)
1744 1493 1908 1554 magni
1923 1493 2145 1542 momenti
2162 1492 2287 1555 fuit,
2318 1492 2638 1554 cogitantibus

417 1559 529 1610 illic
554 1559 818 1608 Caecinam
855 1565 1052 1620 natum,
1079 1565 1147 1611 ⁴et
1186 1557 1383 1620 patrias
1408 1558 1557 1605 sedes
1583 1557 1805 1606 hostium
1837 1557 1958 1607 duci
2001 1559 2200 1607 ablatas
2239 1572 2371 1609 esse.
2440 1557 2634 1619 Operae

415 1624 633 1689 pretium
641 1624 748 1683 fuit
772 1625 822 1672 in
853 1622 1108 1675 Veronen‘si
1140 1622 1322 1671 colonia
1335 1638 1355 1680 ,·
1389 1637 1500 1685 quae
1524 1623 1734 1684 exemplo
1758 1628 1806 1671 et
1836 1623 1983 1686 copiis
1997 1628 2159 1687 partes
2178 1622 2328 1683 fovit.
2397 1624 2467 1670 Et
2490 1623 2637 1671 inter-

414 1690 604 1755 positus
638 1689 879 1739 exercitus
907 1689 1206 1752 obstruxerat
1239 1687 1484 1736 Rhoetiam
1505 1691 1552 1735 et
1589 1687 1752 1736 Julius
1771 1687 1948 1751 Alpes,·
1979 1704 2037 1737 ne
2059 1688 2143 1737 illa
2173 1695 2325 1753 parte
2351 1686 2636 1737 Germanico

1344 1816 1702 1840 ONNOOOO‘N

487 1907 514 1952 l
548 1902 636 1952 Sic
672 1902 806 1953 bene
838 1903 1073 1953 Pichena
1095 1917 1125 1952 e
1148 1903 1252 1953 Ms.
1277 1904 1415 1953 Flor.
1482 1904 1656 1967 Vulgo
1679 1904 1732 1953 in
1770 1904 1898 1954 Mss.
1927 1908 1981 1953 et
2003 1901 2269 1952 veteribus
2302 1899 2635 1962 editionibus,

429 1966 699 2031 Vincentia,
733 1975 825 2018 aut
854 1969 1090 2019 Vicentia.
1127 1970 1454 2019 Brotier.—2
1474 1969 1574 2019 ·Sic
1610 1969 1745 2018 bene
1779 1968 2003 2032 Lipsius,
2034 1967 2268 2017 Pichena
2289 1973 2344 2017 et
2379 1965 2637 2015 recentio-
2711 2018 2718 2024 ,

421 2047 525 2082 resa
593 2034 739 2083 Male
765 2035 892 2083 Mss.
918 2035 1055 2083 Flor.
1080 2034 1208 2097 Reg.
1245 2034 1401 2086 Corb.
1426 2042 1481 2084 et
1503 2033 1667 2083 editio
1691 2034 1950 2099 princeps,
1970 2035 2261 2083 intertectus.
2331 2033 2454 2080 Mss.
2478 2031 2632 2080 Harl-

420 2097 577 2149 Bodl.
596 2098 710 2149 Jes.
729 2106 784 2148 et
805 2099 1148 2160 Puteolanus,
1171 2100 1475 2162 interceptus.
1512 2099 1778 2148 Idem—3
1814 2098 2107 2162 [Brotierus
2139 2113 2255 2146 cum
2278 2097 2479 2160 Ryckio
2504 2095 2633 2144 omi-

422 2162 493 2212 sit
512 2177 598 2226 per
614 2178 635 2222 ,·
668 2170 723 2213 et
742 2164 837 2226 sie]
862 2165 990 2214 Mss.
1013 2166 1186 2213 Vatic.
1220 2165 1430 2213 Farnes.
1457 2164 1614 2213 Corb.
1641 2172 1696 2213 et
1722 2165 1967 2213 Picbena.
2036 2164 2295 2226 Corrupte
2328 2162 2458 2211 Mss.
2494 2160 2636 2211 Flor-

326 2239 335 2242 ’
420 2228 559 2291 Reg.
582 2234 637 2277 et
659 2228 824 2277 editio
848 2230 1111 2292 princeps,
1137 2229 1361 2293 pretium.
1429 2230 1582 2279 Unde
1605 2229 1942 2287 Puteolanus,
1977 2228 2095 2279 Jac.
2121 2227 2435 2289 Gronovius,
2467 2232 2521 2274 et
2545 2225 2633 2275 alii

418 2292 589 2356 multi,
617 2308 704 2356 per
726 2294 984 2343 Rluetiam.
1049 2295 1153 2344 Sed
1195 2294 1464 2344 Flavianus
1489 2295 1753 2344 exercitus
1776 2309 1876 2343 non
1900 2293 2204 2358 interjectus
2226 2300 2306 2342 est
2346 2306 2443 2356 per
2481 2291 2635 2340 Rhae·

423 2360 569 2420 tiam,
605 2373 721 2423 quae
759 2374 852 2423 pro
886 2360 1180 2409 Vitellianis
1221 2360 1415 2409 stabat.
1482 2360 1665 2410 Posita
1689 2367 1892 2410 tantum
1928 2360 2117 2409 auxilia
2154 2360 2368 2408 inlatus
2393 2356 2636 2422 Rhaetiae,

426 2424 565 2487 quod
591 2437 652 2472 ea
673 2431 789 2474 erat
812 2421 1025 2487 infesta,
1047 2432 1106 2474 ut
1122 2424 1338 2475 vidimus
1359 2439 1517 2489 supra
1539 2441 1586 2476 c.
1607 2432 1656 2476 5.
1713 2427 1928 2475 Frustra
1947 2424 2183 2488 tentabat
2205 2423 2430 2487 Lipsius,
2452 2420 2644 2471 Rkaeti·

419 2489 767 2554 candidiusque
797 2490 960 2554 Alpes.
1015 2490 1342 2551 Brotier.—4
1376 2491 1459 2541 Sic
1498 2492 1626 2540 Mss.
1663 2498 1718 2540 et
1741 2498 1947 2541 veteres
1985 2490 2412 2555 recentioresque
2453 2486 2636 2537 editio·

1426 2638 1640 2690 NOTAE

417 2749 705 2813 haberent;
738 2750 958 2819 ideoque
988 2769 1200 2817 pugnam
1233 2758 1489 2819 equestrem
1568 2754 1869 2804 ronensibus
1892 2752 2107 2803 utilitas.
2146 2751 2406 2801 Ferrettus.

418 2827 717 2891 euviebant.
1634 2833 1858 2882 Pretium
1870 2830 1999 2894 fuit]
2049 2832 2243 2895 Operae
2275 2828 2484 2894 pretium
2509 2826 2638 2889 fuit,

483 2912 509 2940 ¹²
544 2906 708 2970 copiis
740 2907 967 2971 valiaeiam]
1020 2908 1268 2973 Intellige
1310 2907 1490 2972 praeci-

422 2995 526 3047 pue
546 2990 855 3034 commeatus:
888 2985 1014 3035 licet
1034 2983 1171 3035 forte
1205 2992 1263 3035 et
1299 2986 1486 3050 sliquae

419 3061 591 3123 copiae
613 3062 862 3110 militares
884 3060 1148 3123 adessent,
1169 3076 1293 3126 quas
1313 3067 1486 3111 tamen

418 3136 505 3186 hic
524 3150 629 3185 non
665 3137 909 3200 intendit,
940 3135 1079 3187 ferte
1104 3153 1200 3188 nec
1236 3137 1490 3201 intelligit

419 3212 652 3263 Tacitus.

485 3288 511 3327 ἃ
550 3288 759 3354 Vicetia]
805 3290 906 3339 Vel
952 3289 1184 3340 Vicentia.
1261 3290 1490 3341 Vicetiam

423 3366 693 3431 appellant
735 3367 898 3416 Plinii
940 3368 1180 3417 meliores
1239 3367 1381 3431 libri,
1435 3374 1492 3419 et

362 3483 371 3490 ,
419 3444 612 3496 Strabo
636 3437 903 3509 Οὖικέι-ιὰν,
923 3447 1078 3495 etiam
1101 3454 1158 3497 et
1175 3446 1392 3511 lapides.

496 3521 704 3586 Vicetia]
770 3521 1032 3582 Vicentia‚
1087 3523 1226 3573 urbs·
1250 3524 1488 3574 Venetiae

422 3600 743 3665 provinciae:
780 3598 933 3649 hodie
958 3600 1172 3661 Viceuze,
1211 3599 1336 3650 urbs
1359 3608 1491 3650 truc-

423 3681 510 3730 tus
546 3679 831 3741 vicentini,
861 3680 914 3728 in
950 3686 1092 3729 statu
1130 3681 1352 3731 Veneto.
1391 3681 1512 3731 Tib·

420 3757 664 3808 lemonia&

491 3839 517 3866 θ
547 3834 663 3886 Illic
707 3834 944 3884 Coecinam
977 3835 1213 3899 genitum]
1266 3837 1489 3886 Veronae

423 3908 655 3970 Caecina,
709 3910 900 3959 Fabius
953 3909 1204 3973 Anagniae
1258 3912 1490 3976 genitus:

422 3984 617 4035 hinnali
638 3987 800 4050 legati
832 3987 1038 4050 pessimi
1064 3988 1330 4052 principis,
1359 3995 1416 4038 et
1437 3989 1491 4038 in

423 4060 646 4113 exitium
685 4065 947 4128 publicum
984 4066 1114 4128 nati,
1158 4073 1217 4116 ut
1252 4067 1490 4116 Vitellius

424 4153 558 4205 ipse.

491 4214 512 4249 f
539 4218 602 4267 Iu
640 4217 979 4272 Veronensibus
1009 4221 1217 4285 pretium
1245 4219 1377 4284 suit]
1400 4220 1493 4270 ·1d

424 4299 531 4362 est,
549 4295 604 4344 in'
625 4295 913 4350 vicentinis
932 4297 1135 4362 species
1155 4295 1291 4361 fuit,
1312 4298 1366 4346 in
1389 4298 1492 4347 Ve-

1568 2908 1635 2961 ob
1678 2912 1943 2972 exemplum
1987 2916 2044 2958 et
2085 2922 2212 2971 opes,
2258 2905 2442 2972 quibus
2468 2906 2638 2968 juvere

1564 2991 1728 3050 partes
1751 2985 2020 3036 Flavianas.
2598 2981 2605 2988 '

1635 3070 1662 3106 8
1700 3062 1982 3123 Inter-*iectus
2001 3059 2261 3123 exercitus]
2294 3061 2435 3123 Lego
2452 3075 2466 3109 z
2486 3060 2640 3108 inter·

1570 3143 1762 3203 septus.-
1826 3152 1941 3187 nam
1987 3138 2201 3188 Rhaetos
2246 3142 2302 3187 et
2346 3137 2638 3187 Germanos

1572 3212 1834 3264 Antonius
1879 3212 2199 3277 intersepsit.
2263 3210 2412 3262 Infra
2446 3216 2528 3262 58.
2561 3211 2639 3261 sie

1573 3290 1826 3355 gloriatur
1846 3290 1957 3354 ipse
1979 3307 1992 3340 ε
2015 3292 2031 3320 ‘
2048 3290 2167 3340 Suis
2188 3289 2411 3354 stimulis
2435 3287 2636 3338 excitos

1571 3369 1774 3420 Moesiae
1794 3369 1973 3431 duces,
1996 3384 2088 3420 sna
2111 3368 2403 3421 constantia
2422 3383 2639 3434 perrup-

1574 3452 1654 3497 tas
1678 3445 1859 3511 Alpes,
1891 3454 2199 3511 occupatam
2225 3445 2453 3508 Italiam,
2474 3444 2636 3494 inter-

1572 3531 1725 3589 septa
1779 3526 2157 3576 Germanorum
2230 3523 2637 3587 Rliaetornmque

1571 3602 1795 3652 auxilia?
2613 3639 2618 3645 .

1635 3678 1701 3728 Τὸ
1715 3680 1954 3730 exercitus
1971 3679 2277 3744 interjectus
2293 3692 2382 3741 per
2397 3676 2641 3726 Πυλίοισι

1570 3758 1821 3821 Juliasque
1842 3757 1988 3821 Alpes
2002 3764 2103 3820 est,
2121 3767 2312 3818 nempe
2334 3754 2638 3805 eroetorum

1573 3833 1856 3895 exereitus,
1879 3834 1966 3898 qui
1985 3832 2321 3894 timebantur,
2343 3846 2409 3881 ne
2433 3846 2529 3895 per
2547 3845 2639 3882 eu

1573 3910 1736 3975 Alpes
1758 3910 2156 3960 descenderent.
2192 3909 2473 3970 Salinerius.

1638 3988 1772 4038 Haec
1793 3993 2102 4050 repugnant,
2123 3984 2258 4050 quod
2282 3998 2469 4049 nempe
2487 3985 2639 4033 inter-

1568 4069 1729 4129 ceptus
1781 4063 2034 4124 exercitas,
2089 4063 2392 4112 Rhaetorum
2436 4059 2640 4110 scilicet

1570 4143 1810 4204 hostium,
1825 4140 2037 4190 claudat
2056 4138 2219 4203 Alpes
2242 4137 2518 4187 Germanis
2539 4136 2639 4186 eti-

1576 4234 1656 4272 am
1701 4217 1957 4280 hostibus,
2007 4216 2097 4280 qui
2141 4227 2328 4278 nempe
2366 4212 2638 4264 Vitelliani

1573 4301 1755 4357 erant3
1805 4293 1961 4349 imino
2015 4293 2186 4358 potius
2236 4290 2388 4342 simul
2441 4290 2638 4354 impete
