3050 4917
417 385 596 460 m

1091 445 1098 452 .
1137 404 1217 454 ¹0.
1260 402 1627 452 GORNBDH
1670 403 1933 452 TAOE'I'}

2302 407 2399 473 [Α.
2418 407 2493 462 U.
2512 411 2631 464 82⁸.

422 550 631 646 stipes
658 548 820 614 illue
866 548 1177 631 gerebant
1195 554 1297 616 :²⁰
1359 547 1539 613 unde
1591 554 1815 614 auehe
1859 547 2261 615 Judaeoru‘m
2303 570 2438 615 res.
2522 550 2643 630 Et,

421 653 584 739 qaia
626 653 807 737 apud
858 654 1052 736 ipsos
1103 651 1269 716 fides
1314 652 1707 740 obstinata?
1756 653 2206 717 misericordia
2232 654 2303 715 in
2340 660 2641 736 promtu,

422 756 563 824 θεὼ
593 756 916 822 adversus
964 775 1195 820 omnes
1223 756 1396 819 alios
1447 756 1689 820 hostile
1734 756 1986 833 odim,
2037 759 2335 839 separati
2373 757 2612 841 epulis,
2613 766 2647 804 ⁹

420 905 742 972 nii-patriis,
775 908 1108 970 vectigalia&
1142 907 1763 969 donaillaeconferebant:
1812 909 1938 957 ande
1958 908 2638 972 inrevereJudaem-mopa.

421 973 1396 1103 wmoewfidoepamm
1424 974 2639 1051 proauum-itas‚sedadvmeeteroepopnlos

625 1040 809 1088 iavidia
849 1038 1047 1099 admi
1066 1054 1294 1088 mamis
1341 1040 1561 1087 distincti
1586 1040 1785 1103 uptiis,
1818 1038 2146 1103 effusissima
2124 1055 2177 1088 ιιι
2197 1039 2466 1102 cupidinem
2492 1039 2647 1102 natio,

1348 1171 1378 1189 O
1384 1169 1587 1189 “nst“
1591 1171 1618 1188 O
1624 1169 1710 1189 ‘OC

489 1264 523 1310 2
546 1259 777 1310 Gronov.
792 1276 910 1310 cum
926 1260 1131 1375 lhlfckio
1149 1267 1207 1312 et
1225 1263 1464 1312 Brotiero
1480 1262 1683 1324 scribit,
1692 1262 1806 1311 illuc
1825 1261 2171 1338 congereboaf‚·
2192 1266 2250 1309 et
2265 1259 2342 1309 ita
2358 1258 2564 1309 Puteol.
2586 1265 2644 1307 et

426 1326 766 1375 recentiores.
833 1326 895 1375 In

995 1341 1045 1374 ss
1095 1327 1235 1376 Flor.
1260 1321 1418 1377 Corb.
1447 1326 1576 1391 Agr.
1610 1335 1667 1377 et
1705 1328 1936 1376 editione
1963 1327 2219 1389 principe,
2250 1326 2364 1373 illuc
2391 1324 2644 1385 gerebat.

425 1389 493 1440 In
513 1391 643 1439 Mss-
669 1392 818 1439 Harl.
839 1390 1015 1442 Guelf.
1036 1344 1534 1456 maeonpegabantg.
1602 1394 1705 1442 Ms.
1730 1392 1843 1443 Jes.
1866 1391 2173 1453 ωηεν-εὐαί.
2240 1392 2500 1439 Ernestus·
2517 1404 2643 1438 cou-

419 1454 565 1520 ficit,
574 1454 816 1515 serebant.
821 1461 917 1506 —8
951 1456 1037 1506 Ita
1058 1456 1179 1532 libri
1196 1458 1378 1521 scripti
1402 1465 1457 1507 et
1478 1459 1630 1508 editi.

426 1534 562 1583 esse,
582 1527 723 1585 atque
746 1527 801 1571 ut
821 1522 987 1587 opud
968 1538 1133 1586 ipsos..
1138 1525 1240 1572 ..sic
1257 1526 1500 1584 adem,
1515 1527 1600 1587 ξε.

425 1592 651 1649 pertum.
712 1586 906 1638 Tentat
939 1588 1021 1638 Cl.
1044 1587 1313 1651 Eruestus,
1351 1593 1399 1638 et
1434 1590 1638 1652 quidem.
1701 1589 1768 1639 Se

1683 1457 1952 1507 Acidalius
1977 1457 2184 1531 quidem
2204 1456 2279 1504 ait
2301 1455 2517 1503 inlibris
2539 1453 2644 1502 suis

1664 1523 1741 1574 At
1816 1523 1987 1572 uiuam
2010 1522 2115 1571 sint
2156 1521 2243 1570 isti
2279 1521 2422 1582 libri,
2454 1520 2646 1569 iucom-

1842 1602 1945 1637 uon
1981 1586 2293 1637 necessario.
2357 1586 2575 1635 Brotier.
2577 1612 2642 1620 —

1426 1736 1653 1788 NOTAE

430 1836 602 1902 aliqua
622 1836 760 1887 dona
775 1838 825 1887 iu
848 1840 1044 1904 templo
1063 1841 1402 1893 obtulissent:
1436 1851 1498 1893 ut

426 1925 565 1964 nunc
583 1914 744 1964 etiam
765 1917 936 1983 multi,
951 1919 1185 1981 spoliatis
1205 1920 1502 1984 provinciis,

429 1990 619 2056 stipem
642 1993 869 2058 aliquam
904 1995 1111 2059 templis
1133 2011 1194 2046 ac
1217 1997 1500 2047 sacerdoti-

429 2067 529 2119 bus
549 2077 786 2135 erogant.
890 2085 897 2092 ·

494 2145 744 2198 Attamen
783 2147 1051 2214 Augustus
1087 2152 1199 2216 ipse
1236 2153 1339 2203 huc
1373 2151 1498 2202 olim

428 2221 567 2272 dona
604 2224 837 2287 miserat,
871 2233 931 2275 ut
967 2235 1022 2276 et
1057 2228 1170 2290 ipsa
1206 2228 1354 2277 fivia
1390 2228 1498 2277 Au-

428 2310 602 2366 gusta.
655 2305 681 2354 1
688 2320 776 2368 pse
798 2305 1103 2358 Alexander
1122 2324 1373 2358 summum
1391 2307 1500 2359 An·

432 2381 653 2433 tistitem
676 2392 951 2434 veneratus
974 2393 1109 2449 erat,
1128 2387 1219 2436 sed
1254 2387 1357 2435 alio
1392 2386 1499 2436 ani-

430 2472 516 2507 mo
559 2466 801 2524 votoque.
886 2462 961 2511 Hi
1015 2477 1206 2513 numen
1262 2463 1498 2513 absolute

429 2536 698 2585 venerati:
750 2552 852 2587 uon
875 2539 1003 2589 item
1036 2541 1145 2604 alii,
1178 2542 1267 2610 qui
1288 2542 1409 2591 mali
1443 2546 1500 2591 et

431 2613 567 2661 male
590 2611 900 2666 offerebant.

497 2689 755 2740 Laudavit
777 2707 897 2742 mox
920 2702 1094 2746 tamen
1126 2694 1396 2760 Augustus
1435 2697 1498 2747 C.

433 2765 694 2820 Caesarem
714 2766 898 2833 filium,
920 2772 1061 2837 quod
1093 2787 1196 2828 non
1234 2773 1502 2823 adorasset

429 2841 484 2892 iu
509 2843 704 2906 templo
733 2844 1227 2911 Hierosolymitano‚
1250 2854 1386 2898 teste
1407 2848 1504 2900 Su-

430 2919 625 2976 etonio.
688 2919 791 2971 Sed
818 2922 919 2971 alia
938 2937 1110 2976 causa.
1176 2925 1336 2975 Forte
1381 2926 1504 2990 quia

428 2996 537 3046 scil.
564 2996 772 3060 juvenis
797 2999 993 3065 Caesar,
1014 3006 1070 3052 et
1090 3003 1392 3054 metuebant
1435 3017 1501 3054 ne

429 3073 495 3126 ad
532 3082 807 3126 extraneos
843 3078 976 3128 ritus
1013 3077 1349 3130 descisceret.
1430 3081 1501 3130 Et

430 3158 578 3201 certe
600 3155 836 3203 extranei
858 3155 987 3204 ritus
1019 3156 1133 3219 jam
1159 3164 1268 3206 tum
1293 3158 1344 3206 in
1369 3157 1501 3208 urbe

427 3228 853 3293 invalescebant3
887 3232 1025 3296 quod
1044 3233 1397 3284 exhorrebant
1413 3234 1505 3283 im-

426 3307 743 3371 peritantes,
760 3315 902 3359 metu
920 3324 1089 3360 rerum
1115 3324 1382 3360 novarum.
1432 3310 1503 3360 Et

421 3385 536 3449 jam
559 3387 876 3437 accusabant
889 3387 1139 3451 juvenem
1161 3388 1382 3438 voluisse
1399 3389 1498 3438 sibi

430 3474 663 3512 asserere
687 3463 980 3527 imperium,
1004 3470 1098 3513 aut
1117 3471 1263 3514 certe
1296 3472 1498 3528 partem

430 3538 632 3605 imperii
662 3541 716 3590 in
740 3541 996 3603 Oriente3
1047 3540 1228 3591 fraude
1267 3542 1323 3592 id
1361 3543 1499 3594 forte

431 3615 597 3667 Liviae
609 3632 870 3689 *noverca
911 3618 1068 3669 Unde
1087 3617 1263 3669 forsan
1281 3620 1499 3671 exitium

432 3695 670 3746 Caesaris.

494 3777 520 3806 ¹¹
549 3771 738 3837 Spretis
756 3774 1063 3837 religionibus
1078 3774 1282 3838 patriis]
1335 3773 1500 3826 Intel-

427 3847 547 3911 tigit
581 3848 648 3898 de
681 3849 803 3914 illis,
826 3850 914 3915 qui
951 3850 1198 3900 nominati
1222 3850 1422 3914 Judaei‚
1443 3857 1500 3901 et

434 3923 522 3988 qui
544 3927 779 3975 extranei
817 3926 940 3976 huic
977 3927 1250 3991 religioui3
1298 3942 1418 3977 cum
1442 3942 1501 3978 se

432 4001 667 4064 pessimis
683 4001 997 4052 facinoribus
1015 4003 1338 4068 polluissent,
1354 4006 1501 4070 quasi

428 4077 743 4151 penitentia
776 4077 945 4142 ducti,
980 4086 1036 4129 et
1073 4087 1133 4129 ut
1165 4082 1373 4142 veniam
1410 4097 1501 4147 pa-

431 4167 646 4219 cemque
688 4154 908 4205 numinis
960 4156 1280 4221 obtinerent,
1328 4161 1506 4224 spretis

431 4231 738 4293 religionibus
773 4239 823 4283 et
859 4234 978 4285 Diis
1007 4236 1201 4299 patriis,
1234 4238 1417 4287 tributa
1452 4244 1502 4288 et

432 4307 578 4373 stipes
598 4309 650 4359 in
678 4310 805 4360 illud
839 4312 1087 4377 templum
1106 4313 1352 4376 gerebant.
1415 4314 1503 4366 Sic

1576 1858 1671 1893 rex
1706 1842 2094 1893 Adiabenorum
2137 1843 2334 1905 Izates,
2374 1847 2433 1891 et
2471 1838 2655 1904 regina

1577 1928 1764 1984 mater,
1782 1922 1883 1970 buc
1903 1936 1961 1970 se
1985 1922 2197 1985 pietatis
2230 1934 2392 1969 eausa
2416 1918 2653 1967 contule·

1577 2004 1721 2048 runt.
1784 1997 1941 2049 Quod
1971 1998 2027 2046 in
2055 1998 2240 2045 malam
2264 2002 2471 2059 partem
2491 1994 2651 2041 inter·

1578 2079 1819 2138 pretatur
1856 2081 2040 2124 auctor
2077 2073 2367 2133 Etlmicus3
2416 2084 2516 2120 nec
2554 2070 2655 2118 mi-

1579 2165 1711 2200 rum.

1642 2236 1668 2260 ⁰
1697 2226 1859 2293 Stipes
1876 2229 1993 2277 illac
2019 2226 2275 2290 gerebant]
2340 2225 2529 2275 Cicero
2552 2237 2650 2287 pro

1580 2306 1799 2355 Flacco:
1861 2306 1878 2332 ‘
1903 2306 2035 2354 Cum
2089 2319 2293 2364 aurum,
2344 2300 2653 2353 Judaeorum

1578 2382 1803 2444 nomine,
1823 2381 2098 2446 quotannis
2119 2396 2186 2429 ex
2203 2380 2362 2429 Italia
2382 2387 2439 2427 et
2457 2393 2524 2428 ex
2549 2393 2656 2427 om·

1580 2460 1731 2509 uibus
1782 2459 2059 2522 provinciis
2105 2457 2521 2521 Hierosolymam
2563 2469 2652 2504 ex-

1581 2537 1783 2601 portari
1799 2538 2009 2599 soleret,
2026 2535 2248 2585 Flaccus
2266 2534 2441 2582 sanxit
2456 2532 2653 2593 edicto,

1582 2627 1649 2662 ne
1672 2628 1739 2663 ex
1760 2610 1885 2662 Asia
1909 2611 2176 2676 exportari
2195 2609 2419 2660 liceret.’
2500 2607 2654 2657 Philo

1582 2690 1649 2740 de
1692 2690 1955 2753 legatione
1999 2687 2067 2738 ad
2111 2688 2328 2739 Caium:
2383 2689 2400 2715 ‘
2423 2685 2657 2750 Singulis

1583 2768 1731 2817 annis
1779 2782 2043 2817 sacrorum
2086 2765 2310 2815 ministri
2357 2765 2656 2826 mittuntur,

1581 2847 1694 2895 auri
1731 2845 2040 2910 argentique
2077 2844 2178 2894 vim
2216 2858 2456 2906 magnam
2486 2840 2657 2891 feren·
2733 2891 2738 2895 ,

1582 2931 1683 2987 tes,
1702 2922 1840 2987 quod
1874 2923 2119 2973 collatum
2150 2927 2233 2971 est
2267 2935 2335 2969 ex
2375 2913 2653 2984 primitiis-f

1582 3000 1653 3048 Et
1698 2999 1854 3062 paulo
1898 3004 2056 3048 ante:
2111 2998 2128 3025 ‘
2152 2998 2368 3048 Sciebat
2411 2995 2654 3045 Tiberius

1580 3090 1780 3126 sacram
1816 3076 2090 3139 pecuniam
2129 3090 2197 3124 ex
2231 3073 2472 3139 primitiis
2494 3073 2653 3122 colle-

1582 3154 1736 3219 gisse,
1759 3162 1816 3204 et
1837 3169 1951 3204 eam
1987 3154 2198 3203 mittere
2234 3153 2649 3215 Hierosolymam

1583 3246 1680 3296 per
1717 3245 1804 3280 eos
1843 3232 1931 3295 qui
1968 3230 2164 3281 hostias
2201 3236 2260 3280 et
2296 3229 2554 3280 sacrificia
2581 3225 2655 3276 of·

1580 3308 1719 3360 ferre
1754 3308 2084 3359 debuerunt.'
2159 3308 2265 3358 Sed
2306 3315 2362 3358 et
2397 3308 2650 3371 Josepbus

1580 3395 1752 3450 notat,
1784 3389 1799 3416 ‘
1823 3389 2124 3438 immensam
2152 3387 2258 3439 vim
2294 3387 2406 3437 auri
2440 3399 2663 3450 conges-k

1582 3472 1688 3515 tam
1710 3466 1764 3515 in
1787 3468 2036 3531 templum
2067 3467 2135 3517 ab
2169 3466 2307 3517 omui
2333 3465 2457 3515 Asia
2477 3471 2534 3514 et
2552 3465 2652 3513 Eu-

1582 3545 1744 3609 ropa,'
1776 3544 2041 3610 Antiquit.
2084 3559 2180 3595 xv.
2221 3549 2302 3596 12.
2368 3543 2483 3593 Nos
2504 3542 2650 3606 plura

1580 3621 1634 3670 iu
1655 3623 1988 3683 magnitudine
2001 3621 2230 3672 Hebraea.
2296 3620 2524 3684 Lipsius.

1646 3705 1672 3739 Ρ
1719 3698 1868 3748 Fides
1903 3698 2166 3762 obstinata]
2231 3697 2317 3749 An
2355 3696 2491 3747 fides
2529 3709 2654 3760 erga

1582 3774 1769 3838 Deum,
1790 3777 2059 3840 templum,
2082 3775 2519 3840 religionemque?
2565 3771 2648 3821 An

1581 3866 1705 3902 vero
1725 3859 1905 3902 mutua
1937 3853 2160 3902 invicem
2190 3850 2359 3901 fides?
2410 3847 2648 3916 quemad·

1580 3928 1790 3979 modum
1813 3929 2003 3979 caritas
2043 3936 2098 3978 et
2136 3928 2403 3978 miseratio
2440 3926 2647 3993 promis-

1582 4020 1680 4054 cua
1706 4013 1759 4055 et
1794 4003 1957 4055 effusa
1991 4006 2044 4054 in
2083 4017 2262 4055 omnes
2298 4011 2486 4069 gentes
2516 4004 2646 4069 ejus·

1583 4083 1702 4136 dem
1728 4084 1877 4146 ritus,
1897 4084 2037 4133 sicut
2059 4082 2111 4132 in
2129 4082 2257 4132 alios
2278 4084 2526 4133 mortales
2545 4093 2644 4131 om-

1581 4175 1676 4212 ues
1699 4161 1991 4210 immortale
2012 4159 2205 4210 odium.

1646 4245 1673 4279 *ἱ
1704 4235 1928 4301 separati
1948 4236 2122 4301 epulis]
2169 4235 2254 4287 Au
2292 4237 2415 4303 quia
2449 4240 2644 4287 ceteros

1583 4316 1831 4366 mortales
1870 4314 2132 4380 repellunt
2169 4313 2398 4380 hospitio
2437 4320 2496 4365 et
2535 4326 2646 4363 cou-
