3050 4917
547 323 735 395 &92

1266 345 1331 396 C.
1379 347 1742 397 CORNELII
1787 345 2044 398 'murm

2431 349 2525 419 [A.
2547 355 2750 409 Um

1360 443 1390 474 O

551 494 785 567 rant,¹¹
810 492 1121 574 tanquam
1146 489 1397 575 majora
1425 490 1758 571 meritum,
1789 511 1990 577 quam
2019 512 2169 578 quae
2200 495 2426 559 statim
2452 498 2750 566 exsolve-

552 595 770 655 rentur
788 598 835 655 :²
878 610 1001 657 nec
1031 593 1385 677 quicquam
1410 592 1611 659 'ultra''
1639 595 1940 661 traditur.
2006 594 2314 661 Ceterum
2339 602 2404 661 et
2431 600 2750 682 prioribus

556 692 800 756 civium
828 692 1027 757 bellis
1066 712 1190 776 par
1236 696 1455 761 scelus
1493 696 1850 778 inciderat3
1893 717 2049 762 nam
2089 699 2347 782 praeli0,
2377 697 2549 785 quo¹3
2578 701 2753 786 apud

549 790 600 857 J
602 794 980 858 aniculum2·
1003 795 1365 860 adversus*
1392 798 1674 863 Cinnam
1721 805 2089 884 pugnatum
2128 808 2255 879 est,
2304 802 2753 887 Pompeianus

551 896 745 960 miles
774 897 1039 962 fratrem
1069 908 1313 979 suum,a
1352 900 1530 982 dein,
1562 905 1828 987 cognito
1857 903 2170 984 facinore,
2220 905 2520 990 seipsum
2557 906 2754 971 inter·-

550 1094 847 1159 remisemat,
885 1098 1011 1146 velut
1045 1098 1275 1162 ampliora
1308 1103 1570 1166 meruisset,
1606 1119 1745 1168 quam
1780 1121 1883 1169 quoe
1918 1103 2166 1166 confestim
2203 1105 2379 1155 exsolvi
2419 1110 2643 1169 possevin
2673 1121 2754 1156 nec

551 1160 797 1223 quicquum
813 1168 1044 1226 preterea
1066 1170 1366 1216 memoratur.
1439 1170 1657 1219 Ceterum
1678 1171 1823 1219 etiam
1850 1171 2025 1234 priscis
2058 1172 2178 1219 olim
2214 1170 2386 1219 civium
2417 1171 2637 1233 motibus,
2667 1187 2756 1235 pur

539 1225 791 1289 flagitium
827 1233 1069 1290 patratum
1106 1233 1242 1288 'erum
1273 1232 1443 1295 quippe
1477 1248 1539 1283 ea
1571 1249 1753 1297 pugno,
1790 1252 1882 1299 qua
1919 1238 1980 1284 ad
2009 1235 2283 1285 Javaculnm
2309 1238 2532 1285 adversus
2555 1237 2757 1285 Cinnam

554 1289 827 1340 dimicatum
848 1298 938 1355 est,
970 1294 1102 1364 miles
1122 1296 1340 1360 Pompeii
1364 1299 1631 1350 Strabonis
1651 1302 1821 1351 occidit
1841 1301 2054 1362 fratrem
2074 1316 2231 1365 suum,
2250 1300 2379 1367 dein,
2411 1307 2644 1365 comperto
2665 1301 2758 1351 cri·-

1475 1450 1623 1470 OOOOO
1629 1450 1834 1471 OOOOOOO

620 1526 647 1572 1
681 1524 769 1574 Ita
784 1524 990 1590 quidem
1015 1529 1143 1581 Mss.
1167 1531 1305 1582 Flor.
1339 1532 1489 1583 Harl.
1514 1532 1666 1584 Bodl.
1699 1533 1808 1586 Jes.
1832 1536 2010 1586 Guelf.
2035 1543 2091 1587 et
2121 1536 2243 1588 libri
2278 1552 2453 1587 omnes
2476 1538 2628 1589 editi.
2694 1538 2755 1590 Iu

555 1586 810 1665 M?·.Reg·
828 1590 1127 1656 distulerunt,
1163 1605 1222 1645 ut
1244 1597 1453 1648 volebat
1476 1596 1863 1651 Acidalius.—2
1885 1602 1972 1652 Sic
1995 1601 2128 1652 bene
2147 1603 2274 1652 Mss.
2297 1604 2432 1654 Flor.
2451 1605 2583 1669 Reg.
2601 1605 2757 1655 Corb.

552 1653 717 1703 editio
740 1655 982 1721 princeps
1004 1667 1061 1708 et
1082 1662 1419 1713 recentiores.
1483 1664 1612 1714 Mss.
1635 1664 1788 1715 Harl.
1839 1667 1991 1716 Bodl.
2014 1667 2124 1719 Jes.
2162 1673 2218 1717 et
2240 1668 2575 1733 Puteolanus,
2609 1671 2756 1720 exsol-

551 1723 730 1769 ven-ent.
784 1721 1111 1796 Brotier.-3
1138 1727 1261 1775 Cum
1281 1742 1376 1793 pro
1389 1744 1477 1793 quo
1493 1729 1821 1781 Budens.—-4
1854 1733 1938 1781 Sic
1962 1733 2020 1782 M
2025 1748 2090 1783 ss.
2114 1732 2264 1784 Harl.
2285 1733 2439 1784 Bodl.
2463 1734 2573 1786 Jes.
2596 1734 2753 1785 Corb.

1541 1861 1762 1938 NOTAE

615 2010 639 2049 5
670 2006 995 2077 Diutulerunt]
1037 2012 1157 2063 Non
1179 2013 1288 2063 sine
1320 2015 1534 2066 consilio
1557 2022 1616 2067 et

546 2088 697 2133 arte:
733 2085 890 2149 quod,
913 2087 1023 2136 scil.
1047 2089 1228 2139 scelus
1253 2090 1383 2140 illud
1414 2107 1499 2141 uec
1532 2094 1614 2142 ho-

549 2174 719 2211 norare
753 2176 849 2213 nec
880 2164 1048 2215 ulcisci
1102 2173 1361 2233 poterant,
1398 2167 1614 2221 distule-

552 2241 692 2288 runt.

615 2309 641 2344 h
658 2311 762 2363 Nec
782 2315 1026 2382 quicquam
1059 2319 1211 2384 ultra]
1246 2321 1404 2373 Forte
1443 2339 1610 2392 neque

550 2389 691 2441 ultra
714 2400 894 2455 petere
913 2410 1064 2447 ausus
1087 2406 1168 2449 est
1196 2398 1486 2467 fratricida„
1518 2422 1612 2470 pu-

548 2467 677 2519 dore
695 2472 908 2523 sceleris
924 2475 1234 2529 deterritus:
1271 2476 1351 2531 vel
1377 2483 1486 2547 jam
1510 2501 1614 2536 ma-

550 2544 666 2603 iora
684 2546 863 2612 adepti
883 2550 1038 2602 duces
1052 2561 1217 2618 erant,
1236 2571 1389 2621 quam
1408 2568 1465 2610 ut
1488 2564 1612 2613 talia

549 2623 816 2675 exsolvere
838 2633 1161 2693 tenerentur,
1183 2638 1273 2682 aut
1295 2636 1503 2689 vellent.

612 2698 764 2753 Ante·
771 2703 1021 2768 praelium,
1036 2707 1229 2758 debent
1246 2708 1404 2762 duces
1417 2715 1610 2768 omnia:

548 2775 592 2826 si
617 2776 742 2828 victi
783 2778 906 2843 sint,
940 2781 1067 2831 nibil
1108 2784 1324 2848 petitur,
1359 2789 1486 2841 nibil
1525 2792 1613 2843 de-

548 2851 707 2915 bent3
761 2863 881 2919 post
922 2856 1212 2924 victoriam,
1265 2865 1435 2915 omnia
1488 2875 1612 2919 sunt

547 2930 784 2995 victoris,
802 2939 858 2984 et
879 2941 987 2986 tum
1003 2934 1358 3002 flagitantibus
1380 2947 1613 3012 praemia,

546 3015 639 3059 aut
651 3010 795 3074 nibil,
808 3021 899 3063 aut
921 3029 988 3063 ex
1007 3015 1175 3068 alieno
1192 3020 1484 3087 exsolvunt,
1496 3024 1612 3087 jam

531 3083 744 3136 »domini
774 3087 1028 3138 victarum
1061 3091 1454 3161 victriciumque
1495 3114 1611 3164 par·

550 3159 698 3212 tium.
1285 3189 1292 3195 ·

610 3245 633 3271 ⁸
650 3239 794 3303 Apud
814 3242 1112 3310 Junimaum]
1145 3247 1276 3298 Cum
1297 3250 1498 3317 Tacito,
1519 3260 1614 3306 aut

544 3314 768 3367 Sisenna
788 3321 982 3383 potius,
1008 3326 1269 3375 consentit
1291 3326 1468 3378 Livius
1492 3330 1614 3395 Epi-

550 3398 690 3443 toma
709 3397 796 3445 97.
816 3401 873 3446 et
891 3398 1110 3448 alterum
1142 3402 1358 3453 militem
1380 3404 1432 3453 in
1452 3406 1607 3458 Pom-

547 3469 656 3534 peii
690 3472 928 3522 exercitu
950 3476 1150 3540 statuit,
1173 3479 1390 3530 alterum
1409 3482 1607 3536 Cinnas.

612 3545 688 3597 At
703 3544 963 3613 Valerius,
1000 3552 1035 3602 1.
1049 3566 1101 3601 ν.
1129 3568 1222 3617 pro
1243 3556 1413 3607 Cinna
1431 3559 1604 3614 Serto·

547 3621 679 3673 rium
701 3624 989 3689 substituit,
1023 3643 1141 3679 cum
1180 3646 1281 3697 quo
1306 3641 1363 3685 et
1386 3635 1604 3689 Orosius

545 3700 726 3764 sentit,
748 3702 785 3751 l.
807 3716 904 3761 vr„

610 3776 760 3827 Bello
774 3776 991 3829 Actiaco
1014 3783 1172 3856 etiam
1194 3784 1333 3837 idem
1354 3792 1608 3858 evenisse,

544 3863 913 3906 commemorat
926 3859 1258 3923 Epigramma
1271 3870 1444 3916 vetus:
1466 3871 1605 3932 quod

545 3929 806 3995 vulgatum
832 3948 1015 3997 magno
1039 3938 1304 4004 Scaligero
1325 3942 1604 3999 debemus:

546 4006 563 4034 ‘
585 4006 805 4058 Maevius
845 4025 876 4057 a
913 4014 1093 4061 castris
1132 4017 1275 4067 miles
1312 4022 1607 4075 melioribus

543 4096 700 4133 ausus
723 4085 979 4137 Hostilem
1019 4093 1151 4141 saltu
1172 4095 1504 4159 ‘praecipitare
1523 4116 1605 4151 ra-

546 4163 672 4224 tem,
710 4162 775 4211 In
804 4163 1045 4215 damnum
1079 4167 1229 4235 felix,
1263 4178 1319 4221 et
1335 4173 1507 4225 vIctor
1543 4185 1605 4230 ut

543 4234 735 4302 impius
777 4246 933 4307 esset,
967 4243 1187 4298 Nescius
1227 4248 1401 4302 occiso
1436 4251 1602 4307 fratre

1693 2018 1945 2082 superbus
1983 2025 2115 2072 erat.
2180 2023 2323 2073 Dum
2359 2021 2496 2088 legit
2529 2024 2756 2090 exuvias,

1690 2097 1994 2164 hostiliaque
2037 2114 2180 2150 arma
2216 2101 2443 2166 revellit,
2478 2104 2756 2155 Fraternos

1689 2176 1882 2239 vultus,
1924 2191 2117 2242 oraque
2154 2183 2278 2228 nota
2308 2178 2471 2230 videt.
2537 2180 2640 2230 Ille
2680 2180 2757 2232 fe-

1689 2266 1813 2305 roxz
1861 2254 2001 2305 Quid
2040 2256 2184 2306 lenta
2216 2270 2397 2307 manus
2435 2272 2575 2308 nunc
2613 2256 2759 2309 deni·

1691 2344 1794 2395 que
1832 2334 2043 2382 cessas?
2090 2332 2294 2385 Justius
2328 2334 2479 2384 hoste
2514 2334 2630 2399 tibi,
2667 2334 2755 2401 qui

1690 2408 1958 2474 moriatur,
1980 2410 2145 2460 adest.
2180 2412 2486 2461 Fraternam
2511 2426 2594 2461 res
2616 2413 2758 2462 nulla

1690 2492 1867 2550 potest
1887 2485 2171 2538 defendere
2200 2487 2428 2550 caedem3
2479 2489 2626 2539 Mors
2663 2495 2755 2540 tna

1690 2563 1799 2611 sola
1833 2569 2030 2627 potest,
2064 2570 2234 2614 morte
2268 2564 2492 2616 levanda
2528 2570 2621 2614 tua
2659 2569 2757 2616 est.

1689 2639 1924 2689 Viximus
1945 2640 2196 2702 adversis,
2223 2640 2495 2704 jaceamus
2517 2641 2755 2705 partibus

1688 2715 1893 2766 iisdem.
1930 2707 2122 2778 Dixin
2146 2723 2200 2768 et
2223 2717 2275 2766 in
2297 2717 2455 2768 dubio
2479 2724 2579 2781 est,
2592 2717 2757 2769 utrius

1691 2806 1813 2843 ense
1835 2793 2008 2844 cadat.
2075 2795 2214 2844 Ense
2236 2808 2351 2844 meo
2375 2794 2566 2844 moriar
2584 2809 2760 2844 macu-

1691 2871 1800 2921 lato
1817 2870 1964 2922 caede
1977 2869 2241 2921 nefanda?
2274 2871 2372 2922 Cui
2393 2871 2629 2936 moreris,
2653 2869 2757 2922 fer-

1691 2963 1805 2998 rum
1844 2963 1947 3014 quo
1984 2950 2203 2999 moriare
2239 2948 2400 2999 dabit.
2483 2947 2658 3013 Dixit,
2699 2953 2759 3000 et

1690 3024 1745 3075 in
1788 3024 2004 3076 fratrem
2048 3015 2285 3077 fraterno
2327 3025 2558 3076 concidit
2614 3040 2757 3077 ense.

1690 3101 1960 3153 Victorem
1982 3108 2039 3153 et
2059 3102 2253 3154 victum
2273 3102 2505 3153 condidit
2528 3118 2632 3153 rina
2649 3118 2758 3154 ma-

1692 3178 1822 3230 nus!
1874 3179 2087 3244 Hpsius.

1756 3254 2052 3318 Juniadum]
2084 3255 2352 3308 Janiculus
2387 3270 2533 3307 mons
2561 3257 2754 3321 partim

1691 3321 1915 3397 regionis
1938 3332 2154 3383 decimae
2170 3340 2375 3399 quartae
2395 3334 2534 3384 urbis
2556 3335 2755 3397 Romoe‚

1688 3410 1878 3473 partim
1899 3423 2021 3459 vero
2043 3416 2197 3459 extra
2223 3410 2448 3471 moenia;
2483 3416 2541 3460 et
2576 3410 2643 3461 ad
2667 3425 2754 3461 oc-

1687 3484 1948 3535 cidentem
1972 3486 2133 3536 urbis.
2198 3486 2369 3536 Hodie
2384 3494 2598 3537 vocatur
2614 3489 2754 3539 Mon·

1687 3565 1829 3630 torio,
1865 3571 1922 3614 et
1952 3566 2039 3614 hic
2061 3570 2144 3615 est
2165 3566 2409 3628 ecclesia,
2429 3568 2589 3632 vulgo
2613 3568 2754 3619 dicta

1689 3640 1791 3691 San
1810 3642 1977 3691 Pietro
2008 3643 2269 3703 Mentor-io,
2307 3644 2534 3708 regionis
2561 3645 2753 3696 vaste-

1686 3732 1810 3780 vere,
1840 3719 1893 3767 in
1915 3727 2066 3783 parte
2088 3718 2414 3770 meridionali
2434 3727 2493 3770 et
2510 3721 2752 3772 occiden-

1686 3796 1781 3844 tali
1801 3796 1981 3846 Romae
2005 3795 2284 3849 modernae.
2343 3798 2671 3849 Tillemonius.

1750 3878 1775 3905 ⁸
1796 3872 2029 3921 'Fratrem
2064 3873 2221 3936 mum]
2259 3873 2373 3923 Val.
2402 3876 2546 3925 Max.
2569 3876 2605 3925 l.
2624 3890 2678 3925 v.
2700 3881 2749 3926 3.

1683 3947 1699 3976 ‘
1723 3948 1879 3998 Miles
1915 3959 2139 4015 namque
2174 3951 2227 3999 in
2264 3953 2452 4001 castris
2476 3955 2573 4003 Cn.
2599 3953 2749 4005 Pom·-

1686 4025 1792 4090 peii
1827 4027 2085 4091 stipendia
2127 4044 2397 4093 peragens,
2419 4046 2538 4084 cum
2575 4036 2749 4083 Serto-

1683 4103 1880 4152 rianum
1928 4105 2143 4153 militem
2185 4108 2354 4156 acrius
2399 4109 2498 4157 sibi
2541 4110 2597 4159 in
2637 4108 2746 4162 acie

1683 4185 1909 4230 stantem
1931 4182 2162 4232 cominus
2183 4183 2552 4250 interemisset,
2564 4186 2747 4251 jacen·

1684 4261 1896 4323 temque
1917 4258 2198 4324 spolias-eu
2232 4268 2292 4310 ut
2310 4258 2529 4313 fratrem
2549 4275 2748 4328 germa-
