3050 4917
2358 391 2536 460 283?

406 552 519 619 31.
562 551 724 618 Jam
749 552 1041 636 legiones
1078 551 1153 617 in
1179 552 1618 618 testudinem*
1645 552 2226 637 glomerabantur,¹
2242 561 2270 590 ⁸
2298 558 2367 619 et
2411 552 2538 621 'alii

319 655 488 724 telay
514 663 842 741 saxaque²
869 656 1332 736 incutiebant,⁸
1361 677 1516 721 cum
1570 658 2021 741 languescere³
2056 657 2379 741 paulatim
2409 656 2536 723 Vi·

318 758 735 840 tellianorum
762 760 992 826 animi.
1042 829 1049 836 Δ
1083 759 1181 826 Ut
1215 761 1401 844 quis⁴
1429 761 1660 828 ordine
1706 762 2049 839 anteibat?
2076 760 2304 826 cedere
2329 760 2538 828 fortu-

320 880 428 933 nae
457 882 474 926 :
519 881 626 941 ne,
658 859 990 927 Cremona
1017 881 1287 947 quoque
1301 861 1326 899 ¹³
1351 864 1610 941 excisa,
1639 865 1823 930 nulla
1848 864 2022 928 ultra
2038 864 2257 943 venia,
2289 862 2538 930 omnis-

323 982 456 1047 que
483 964 587 1029 ira
612 966 909 1044 victoria,
938 985 1074 1030 non
1104 966 1174 1029 in
1204 966 1442 1049 vulgus
1473 967 1696 1050 inope„
1728 965 1848 1031 sed
1893 968 1961 1030 in
1996 966 2333 1031 Tribunos
2365 965 2541 1031 Cen·-

320 1066 772 1150 turionesque‚
801 1067 917 1132 trbi
947 1069 1232 1152 pretium
1257 1068 1466 1133 caedis
1496 1074 1658 1147 erat,
1706 1073 2180 1133 reverteretur.⁵
2286 1068 2540 1153 Grega-

320 1169 467 1242 rius
507 1171 722 1250 miles»,
751 1171 956 1236 futuri
1004 1180 1258 1237 socorsc
1286 1178 1354 1237 et
1398 1173 1814 1256 ignobilitate
1860 1173 2088 1250 tutior,
2118 1174 2456 1257 perstabat
2475 1194 2494 1240 ε
2513 1174 2541 1212 ‘¹

315 407 594 482 343.ωᾷ
994 403 1530 468 marcomanni!
1582 404 1733 456 mn.
1781 405 1900 458 111.

390 1337 593 1400 Jamque
609 1338 813 1400 legiones
830 1337 1076 1402 disposita»
1095 1340 1148 1389 in
1176 1341 1478 1404 testudinem,
1512 1346 1561 1391 et
1595 1339 1685 1389 alii
1720 1339 2040 1389 immittebant
2062 1338 2228 1400 ,iacula
2259 1344 2305 1388 et
2343 1340 2544 1404 lapides,

323 1415 429 1449 cum
453 1401 626 1451 sensim
645 1418 876 1453 senescere
905 1405 1259 1455 Vitellianorum
1279 1406 1496 1469 impetus.
1572 1406 1638 1454 Ut
1656 1406 1846 1469 quisque
1867 1405 2109 1466 dignitate
2129 1409 2215 1453 aut
2232 1406 2391 1466 gradu
2415 1421 2541 1469 prar-

322 1465 543 1528 cellebat,
556 1467 769 1527 fortunoe
791 1471 905 1518 dare
925 1485 1123 1528 manus‚·
1154 1486 1213 1520 ne
1240 1472 1472 1520 Cremona
1493 1472 1638 1520 etiam
1660 1486 1838 1531 eversa,
1857 1471 1986 1519 nulla
2000 1470 2204 1533 amplius
2221 1469 2548 1522 misericordie

326 1539 645 1602 superesset,
667 1534 905 1598 omnisque
926 1535 1204 1598 impotentia
1225 1536 1435 1598 victoris,
1455 1552 1549 1585 non
1583 1536 1636 1584 in
1658 1536 1859 1586 militem
1883 1549 2098 1596 egenum,
2135 1536 2216 1583 sed
2253 1534 2305 1583 in
2329 1535 2546 1586 tribunos

325 1600 377 1666 et
408 1599 719 1659 centuriones,
741 1599 823 1647 ubi
843 1600 1091 1663 proemium
1111 1597 1385 1663 necis‘erat,
1402 1602 1652 1650 recideret.
1720 1599 1942 1651 Plebeius
1969 1600 2120 1659 miles,
2141 1598 2305 1660 futuri
2341 1600 2550 1652 incurio-

324 1675 408 1710 sus
428 1666 475 1711 et
491 1663 728 1713 tenuitate
737 1664 954 1725 fortunoe
967 1666 1196 1731 securior,
1204 1667 1572 1730 perseverabat:
1599 1666 1854 1730 palabundi
1889 1680 1977 1730 per
1997 1666 2141 1728 vicos,
2160 1671 2252 1714 aut
2273 1665 2405 1715 intra
2416 1667 2546 1717 cedes

1280 1796 1636 1817 OOOOOOOOOOOO

333 1893 495 1943 vellet
528 1909 731 1959 qnoque
772 1894 1041 1959 Heinsius,
1076 1895 1341 1955 lateribus,·
1374 1897 1651 1960 Ernestns,
1693 1895 1946 1961 lapidibus.
2016 1895 2236 1946 Minime
2276 1893 2545 1958 displicet,

329 1959 559 2009 trabibus.
626 1960 688 2011 In
711 1961 810 2009 hoc
834 1962 1053 2011 militum
1073 1961 1270 2024 furore,
1306 1976 1408 2011 non
1444 1963 1637 2027 tegulis
1669 1967 1894 2024 tantum,
1915 1961 2005 2011 sed
2027 1966 2085 2012 et
2107 1959 2345 2010 trabibus
2370 1960 2549 2009 detur·
2587 2007 2592 2012 .

332 2024 598 2075 babantur
622 2034 1063 2090 propugnatores3
1099 2030 1521 2092 tectaque‘erant
1544 2027 1705 2077 muris
1734 2027 2042 2092 propinqua.
2077 2026 2295 2076 Brotier.

402 2095 428 2138 l
464 2091 553 2140 Sic
578 2089 709 2140 bene
735 2093 862 2140 Mss.
886 2092 1027 2142 Flor.
1052 2093 1200 2142 Harl.
1224 2092 1378 2142 Bodl.
1400 2091 1577 2144 Guelf.
1614 2093 1848 2143 Pichena
1870 2100 1924 2141 et
1948 2093 2283 2142 recentiores,
2351 2089 2413 2148 In
2438 2088 2548 2140 ΜΒ.

332 2154 467 2217 Reg.
508 2162 566 2205 et
611 2156 874 2206 veteribus
919 2157 1256 2219 editionibus,
1291 2159 1637 2220 glomerantur.
1691 2159 2021 2208 Brotier.—2
2074 2156 2161 2207 Sic
2207 2155 2552 2218 Puteolanus,

332 2220 571 2269 Gronov.
595 2228 652 2270 et
675 2222 923 2284 Ryckius.
990 2223 1119 2272 Mes.
1145 2223 1292 2273 Harl.
1312 2223 1423 2274 Jes.
1449 2223 1608 2274 Corb.
1643 2228 1700 2273 et
1732 2224 1818 2273 ed.
1854 2238 1934 2287 pr.
1972 2237 2092 2272 saxa
2129 2223 2426 2285 telaque—3
2460 2219 2548 2281 sic,

332 2284 442 2334 ΜΒ.
467 2285 608 2336 Flor.
631 2286 862 2336 Picbena
883 2294 938 2336 et
961 2289 1295 2339 recentiores.
1362 2289 1427 2338 In
1452 2289 1585 2340 Mss.
1610 2290 1736 2352 Reg.
1762 2289 1918 2338 Corb.
1944 2296 1999 2337 et
2022 2286 2253 2342 editione
2289 2284 2549 2350 principe,

330 2363 439 2398 cum
478 2352 845 2413 languescerent.
916 2353 1041 2404 MsS.
1083 2354 1233 2406 Harl.
1272 2355 1426 2404 Bodl.
1450 2354 1563 2406 Jes.
1607 2362 1664 2405 et
1706 2354 2049 2416 Puteolanus,
2091 2367 2196 2401 cum
2241 2354 2552 2413 languere.—

332 2418 368 2466 4
402 2415 673 2465 Brotierus
695 2417 855 2468 habet
876 2420 1087 2483 quisque,
1122 2429 1178 2469 et
1214 2424 1289 2470 sic
1313 2421 1441 2470 Mss.
1462 2421 1601 2469 Flor.
1625 2420 1784 2469 Corb.
1815 2419 1930 2471 Jes.
1951 2416 2077 2481 Agr.
2102 2417 2262 2466 editio
2302 2416 2551 2480 princeps

337 2486 396 2529 et
435 2483 771 2545 recentiores,
803 2498 919 2533 cum
958 2486 1178 2548 Ryckio.
1246 2486 1376 2538 Mas.
1399 2486 1553 2535 Bodl.
1579 2485 1728 2534 Harl.
1754 2500 1817 2533 ac
1842 2484 2178 2544 Puteolanus,
2200 2487 2247 2530 et
2267 2486 2321 2530 ut
2341 2481 2554 2545 quisque.

335 2545 403 2595 In
430 2547 532 2598 Ms.
557 2548 715 2598 Corb.
738 2548 842 2613 quis
862 2564 957 2614 pro
979 2550 1285 2616 meisque—5
1333 2550 1440 2602 Ms.
1473 2550 1605 2615 Agr.
1629 2549 1973 2600 revertebatur.
2039 2548 2233 2599 Ursino
2255 2561 2317 2597 ac
2340 2547 2553 2596 Mur-eto

1349 2715 1563 2786 No'rAE

334 2870 417 2905 ma
455 2860 626 2920 erant,
666 2862 724 2907 et
785 2856 951 2908 veluti
1009 2856 1408 2909 dominabantur
1479 2837 1485 2842 ’

337 2933 631 2996 moenibus;
665 2935 741 2986 ita
780 2943 837 2985 ut
860 2949 926 2986 ex
957 2937 1114 2987 tectis
1139 2935 1409 2986 altioribus

338 3019 758 3077 propugnatores
775 3012 916 3063 urbis
939 3012 1121 3063 lacessi
1144 3021 1197 3064 et
1213 3028 1411 3078 oppug-

1488 2857 1667 2908 orbem
1718 2854 2178 2917 convolvebantur,
2227 2859 2288 2906 ut
2338 2852 2561 2906 testudi-

1487 2950 1606 2986 nem
1631 2942 1686 2985 et
1708 2949 2011 2999 compagem
2035 2939 2296 2984 scutorum
2320 2939 2560 2984 constru-

1489 3019 1661 3074 erent,
1690 3011 1801 3062 fere
1831 3011 1981 3078 quasi
2021 3024 2180 3061 unum
2218 3023 2407 3075 corpus
2461 3015 2561 3062 aut

340 3089 454 3140 nari
482 3097 715 3153 possent.

408 3176 432 3200 V
467 3168 538 3217 Et
557 3167 774 3232 facibus]
807 3168 1116 3233 Intelligunt
1130 3168 1273 3233 ignes
1295 3173 1410 3219 arte

343 3245 680 3309 compositori.
732 3245 838 3295 Sed
861 3251 1010 3310 puto,
1030 3243 1186 3295 fuisse
1210 3252 1413 3295 tantum

343 3318 490 3370 faces
543 3335 634 3370 seu
673 3322 839 3378 taedas
881 3336 948 3371 ex
993 3323 1112 3385 igne
1153 3321 1413 3371 communi

346 3406 605 3462 arreptas,
620 3405 777 3461 prout
801 3398 869 3448 ad
890 3413 1096 3453 manum
1119 3398 1417 3468 veniebant,

347 3475 780 3541 quemadmodum
802 3484 859 3527 et
896 3478 1035 3542 ipsas
1060 3476 1235 3527 trabes
1255 3491 1317 3527 ae
1339 3482 1416 3525 te·

350 3553 500 3618 gulas
520 3554 813 3617 promiscue
837 3569 904 3603 ex
924 3554 1050 3619 ipsis
1074 3554 1228 3605 tectis
1259 3553 1420 3619 proji-

347 3629 561 3680 ciendas
584 3630 935 3682 assumebant.

412 3708 487 3757 Et
515 3705 737 3771 facibus]
789 3706 1035 3758 Nondum
1067 3706 1121 3756 in
1144 3720 1241 3757 usu
1272 3705 1421 3770 ignes

347 3792 467 3834 arte
490 3782 640 3833 facti.

413 3870 448 3895 ⁸*
483 3862 544 3912 In
595 3861 902 3928 testudinem]
972 3863 1200 3927 Nempe,
1242 3868 1301 3913 ut
1345 3851 1419 3913 sic

348 3954 524 3992 muros
545 3940 606 3989 ab
638 3939 732 3989 imo
763 3938 1054 3989 effoderent
1091 3939 1420 3991 subruerent·

350 4032 476 4085 que.
555 4018 730 4068 Etiam
784 4017 1062 4083 aliquando
1101 4017 1417 4068 testudinem

350 4096 759 4161 ingeminabant,
781 4101 841 4145 ut
859 4098 936 4146 sic
958 4110 1157 4146 summa
1177 4095 1418 4146 moenium

351 4174 678 4238 attingerent
742 4182 1154 4238 prensarentque
1215 4175 1419 4238 pinnas,

355 4257 450 4310 aut
471 4250 668 4301 hostes.
1346 4291 1351 4296 .

411 4330 443 4360 '¹
480 4325 903 4394 Glomerabantur]
998 4328 1141 4385 Quia
1177 4327 1323 4387 velut
1366 4326 1421 4384 in

1487 3088 1786 3140 aedificium.

1554 3174 1579 3209 5
1610 3167 1719 3217 Alii
1741 3165 1861 3229 tela]
1893 3163 2120 3230 Nempe,
2141 3163 2265 3213 dum
2285 3161 2374 3212 alii
2395 3167 2566 3214 testu·

1492 3244 1615 3294 dine
1637 3241 1798 3305 facta,
1820 3256 1993 3291 muros
2014 3245 2343 3306 oppugnant,
2365 3240 2455 3290 alii
2486 3241 2566 3291 teo‘

1493 3322 1545 3371 la
1578 3335 1806 3385 saxaque
1835 3319 2064 3384 jaciunt,
2085 3334 2188 3384 quo
2211 3323 2564 3383 propugnato·

1496 3414 1580 3449 res
1596 3398 1753 3448 muris
1771 3396 2123 3459 absterreant,
2140 3394 2564 3460 munimentaqne

1497 3475 1858 3530 defensoribus
1876 3474 2098 3525 nudent.

1562 3562 1584 3586 ²
1620 3551 1940 3616 Incutiebant]
1996 3551 2157 3602 Forte
2199 3548 2473 3601 tormentis
2507 3553 2566 3608 et

1498 3630 1764 3682 machinis.

1565 3715 1590 3740 ⁸
1632 3708 1700 3757 Ut
1720 3707 1828 3772 quis
1846 3704 2011 3756 ordine
2030 3702 2265 3767 anteibat]
2308 3702 2569 3770 Intelligit

1501 3786 1740 3837 tribunos
1803 3791 1860 3835 et
1920 3783 2270 3845 centuriones,
2320 3781 2565 3848 ipsosque

1500 3860 1780 3928 praefectos
1820 3868 2126 3923 castrorum,
2157 3860 2461 3924 legatosque
2494 3859 2571 3909 le·

1500 3939 1727 4005 gionum,
1746 3938 1762 3966 ‘
1782 3938 1872 3995 ubi
1898 3937 2125 4003 pretinm
2147 3936 2303 4010 caed'is
2326 3936 2476 3988 erat.'
2533 3983 2544 3998 ,

1564 4016 1588 4050 ¹2
1620 4018 1699 4067 Ne
1724 4017 1953 4065 Cremona
1968 4014 2166 4080 quoque]
2218 4015 2304 4064 Nc
2325 4012 2455 4063 urbe
2478 4010 2573 4064 ina

1500 4096 1659 4146 etiam
1683 4103 1803 4159 post
1827 4095 2036 4156 vallum,
2060 4095 2237 4156 excisa,
2264 4093 2377 4158 jam
2399 4092 2570 4144 nullm

1500 4172 1641 4224 ultra
1663 4171 1833 4223 veniae
1856 4171 2003 4221 locus
2024 4171 2420 4236 relinqueretur.

1567 4257 1591 4284 ⁰
1621 4247 1818 4314 Socdrs]
1866 4248 2053 4301 Futuri
2073 4246 2395 4316 improvida·
2415 4250 2476 4300 et
2494 4244 2573 4302 in·

1503 4328 1753 4390 curiosus.
1847 4395 1852 4402 .
1949 4366 1952 4370 ⁷
2261 4367 2272 4372 -
2467 4372 2471 4376 ⁴
2561 4367 2564 4372 .
